3182 5252
273 353 337 416 328
510 377 536 414 1..
561 373 679 414 assam
700 373 837 414 sssucsn
858 370 1059 412 nmnoooavu
1080 370 1141 410 ma.
1165 371 1196 409 x.

273 540 442 627 adquisito
471 537 624 628 prolerre
653 539 756 604 moris
785 535 875 624 apud
903 536 1062 622 antiquos
1090 535 1165 602 fuit,
1221 535 1314 600 Haec
1337 535 1425 600 scire

271 652 379 738 magis
407 649 549 738 prodest
577 671 678 734 quum
699 641 909 714 Auentinum
936 653 1087 712 montem
1116 652 1212 712 extra
1233 645 1425 731 pomerium

271 782 357 841 esse,
379 758 497 824 utillo
521 757 732 843 adfirmabat,
755 765 897 845 propter
918 757 1058 822 alteram
1081 778 1122 820 ex
1146 754 1277 820 duabus
1301 754 1424 838 causis,

270 875 328 934 aut
356 868 448 954 quod
474 867 572 954 plebs
597 890 636 933 eo
660 866 867 950 secessisset,
903 872 961 931 aut
984 864 1075 950 quod
1097 865 1206 929 Remo
1230 863 1425 949 auspicanti

268 977 327 1043 illo
349 977 426 1043 loco
450 999 531 1042 aues
553 999 624 1042 non
642 975 862 1057 addixissent,
885 974 953 1040 alia
970 973 1131 1060 deinceps
1148 971 1453 1054 innumerabilia„

234 1109 357 1172 oquae
392 1093 450 1151 aut
477 1089 498 1167 †
521 1083 611 1151 farta
644 1090 724 1150 sunt
755 1083 941 1149 mendaciis
976 1089 1033 1150 sut
1066 1081 1211 1148 similia?
1266 1080 1353 1146 Num
1386 1087 1427 1145 ut

271 1193 440 1261 concedas
464 1195 577 1261 omnia
600 1217 658 1262 eos
680 1193 748 1258 fide
770 1193 862 1258 bona
884 1192 1009 1278 dicere,
1032 1199 1070 1257 ut
1093 1191 1136 1256 ad
1154 1189 1425 1278 praestationem

271 1304 437 1386 scribant,
472 1310 587 1368 tamen
610 1303 705 1368 cuius
727 1304 794 1368 ista
817 1323 949 1368 errores
971 1301 1148 1366 minuent?
1172 1299 1267 1364 cuius
1291 1298 1425 1385 cupidi·

270 1419 360 1478 tutes
393 1413 572 1499 prement?
612 1433 712 1497 quem
745 1409 931 1494 fortiorem,
972 1433 1072 1496 quem
1104 1409 1289 1492 iustiorem,
1323 1429 1428 1492 quem

270 1521 500 1588 liberaliorem
521 1517 673 1586 facient?
717 1520 884 1595 Dubitare
908 1543 944 1584 se
966 1519 1104 1584 interim
1115 1517 1288 1584 Fabianus
1307 1521 1458 1580 nosterro

271 1629 401 1714 aiebat,
435 1652 478 1696 sn
506 1629 612 1695 satius
642 1634 733 1694 esset
760 1628 861 1694 nullis
890 1627 1011 1694 studiis
1040 1626 1214 1693 admoueri
1243 1647 1344 1711 quam
1370 1623 1426 1688 his

235 1798 236 1801 ,
270 1737 438 1826 inplicari.

239 1873 253 1924 1
356 1846 454 1913 XJV.
500 1846 573 1912 Soli
601 1846 750 1914 omnium
772 1846 873 1912 otiosi
896 1852 975 1910 sunt
997 1844 1055 1930 qui
1078 1843 1266 1931 sapientiae
1289 1848 1425 1926 uacant,

272 1955 337 2021 soli
359 1956 493 2039 uiuunt3
515 1978 580 2020 nec
604 1955 693 2020 enim
716 1977 810 2021 suam
833 1961 966 2020 tantum
990 1959 1137 2020 aetatem
1157 1953 1246 2018 bene
1268 1959 1424 2017 tuentur:

273 2086 372 2130 omne
409 2086 530 2130 aeuum
558 2087 619 2131 suo
649 2063 816 2148 adiciunt;
851 2063 1017 2150 quidquid
1044 2041 1210 2128 annorum
1239 2069 1319 2126 ante
1345 2059 1424 2126 illos
1439 2087 1468 2124 ιε

274 2179 386 2237 actum
416 2180 477 2256 est,
511 2172 578 2238 illis
608 2172 814 2259 adquisitum
844 2180 903 2238 est.
959 2171 1033 2236 Nisi
1055 2169 1275 2256 ingratissimi
1298 2191 1423 2253 samue,

272 2281 322 2346 illi
356 2281 531 2347 clarissimi
565 2304 736 2347 sacrarum
769 2281 967 2368 opinionum
1001 2279 1196 2346 conditores
1223 2278 1323 2344 nobis
1351 2277 1425 2342 nati

273 2396 361 2476 sunt,
384 2389 484 2456 nobis
506 2391 612 2456 uitam
634 2397 938 2478 praeparauerunt:
972 2388 1093 2454 adres
1115 2386 1359 2474 pulcherrimas
1382 2409 1424 2451 ex

273 2499 425 2564 tenebris
456 2499 500 2564 ad
526 2498 638 2564 lucem
667 2506 779 2564 erutas
809 2498 919 2566 alieno
943 2497 1061 2564 labore
1084 2495 1296 2579 deducimur;
1329 2495 1423 2561 nullo

273 2606 372 2674 nobis
396 2607 532 2674 saeculo
554 2608 774 2673 interdictum
797 2616 859 2692 est,
891 2609 928 2672 in
951 2606 1064 2673 omnia
1086 2604 1304 2688 admittimur,
1327 2611 1371 2685 et,
1395 2605 1465 2668 sim

273 2716 508 2804 magnitudine
537 2717 641 2783 animi
664 2716 781 2803 egredi
802 2715 971 2782 humanae
991 2713 1225 2802 inbecillitatis
1249 2714 1424 2800 angustias

239 2826 368 2906 olibet,
398 2826 551 2908 multum,
581 2847 643 2910 per
665 2824 757 2910 quod
779 2825 973 2912 spatiemur,
1003 2822 1167 2909 temporis
1191 2829 1253 2888 est.
1299 2821 1424 2908 Dispu-
1505 2877 1512 2888 .

276 2942 348 3000 tare
372 2957 449 3000 cum
472 2933 613 3001 Socrate
634 2933 727 3020 licet,
755 2932 912 2999 dubitare
935 2954 1011 2997 cum
1034 2929 1219 3015 Carneade,
1243 2953 1320 2996 cum
1341 2931 1423 3017 Epi-

274 3063 354 3108 curo
378 3042 562 3128 quiescere,
585 3041 731 3108 hominis
753 3049 909 3108 naturam
932 3063 1009 3106 cum
1031 3039 1155 3105 Stoicis
1177 3039 1325 3123 uincere,
1347 3061 1424 3104 cum

273 3216 287 3269 l
314 3214 458 3284 adquisito
485 3214 539 3282 (ito
558 3216 588 3268 in
604 3231 662 3270 rue.
680 3220 784 3271 maiore
799 3230 835 3267 m.
852 3212 881 3279 3)
905 3213 926 3270 l
1029 3209 1268 3282 profer-remoris
1286 3209 1330 3278 A³3
1357 3227 1423 3280 pro-

166 3365 168 3372 ,
270 3299 379 3355 ferrem
397 3299 456 3354 oris
474 3299 506 3356 Αι
612 3307 684 3370 aput
701 3299 742 3366 Αἰ,
761 3316 829 3355 corr.
847 3299 881 3356 ΑΒ
984 3297 1038 3369 hec
1062 3294 1233 3366 Wesenber93
1250 3295 1347 3353 hoel

797 3395 811 3422 r

242 3509 245 3516 Ι
270 3437 288 3490 2
305 3437 473 3506 pompeium
490 3436 532 3500 Αἱ,
554 3444 629 3492 'cora
647 3438 679 3491 in
696 3436 863 3507 pomffeium
881 3434 914 3491 l*
932 3436 962 3505 (p
981 3437 1055 3494 linea
1071 3433 1255 3508 perfmccit);
1282 3449 1367 3503 supra
1384 3450 1423 3502 po

271 3521 305 3578 l‘
323 3525 546 3590 compatriotam
625 3530 651 3578 et
666 3525 698 3576 in
714 3539 766 3592 my.
786 3523 878 3578 eudem
895 3529 960 3578 nota
977 3525 1093 3580 iterata:
1122 3536 1168 3579 cs·
1189 3521 1321 3593 pomerifi

270 3659 287 3712 3
312 3605 487 3730 adfirmabat
504 3659 577 3716 ΑΜ
679 3661 697 3713 4
720 3659 885 3729 auspicanti
911 3659 1081 3731 Wesenberffi
1109 3659 1321 3732 auspicantes

270 3747 286 3798 5
310 3761 348 3814 sq.
369 3744 558 3810 addixissent,
586 3745 832 3801 sliu...similia?
866 3745 1422 3816 Namrnterpmssm.ast.p.156;

270 3831 459 3887 addixissent.
496 3831 826 3887 Alia...similia.nam
844 3850 887 3900 sy.
958 3833 1048 3904 6un
1067 3833 1095 3905 (e
1112 3837 1144 3888 in
1161 3849 1215 3889 ras.
1233 3847 1268 3886 m.
1287 3829 1354 3886 nl

270 3917 349 3972 farte
373 3916 402 3984 l,
430 3918 501 3985 quod
522 3919 554 3972 in
576 3935 631 3972 ano
650 3915 671 3975 l)
690 3918 777 3989 plena
799 3919 957 3987 munificare
979 3919 1089 3976 Matar.
1116 3919 1164 3974 sed
1185 3924 1344 3986 consputus
1364 3931 1422 3971 esce

269 4005 390 4070 addetum
417 4001 501 4072 paria
518 4004 586 4059 coni.
605 4004 702 4058 Haase
718 4007 808 4072 praef.
827 4006 877 4060 ool.
899 4005 914 4058 l
925 4021 956 4074 p.
979 4005 1042 4070 Vll,
1069 4005 1118 4059 sed
1134 4005 1245 4060 minime
1262 4011 1357 4073 aptius
1372 4004 1422 4058 tor

269 4090 337 4143 mila
357 4088 470 4144 uidetur
490 4106 539 4144 sec
561 4091 689 4158 exemplis
712 4091 807 4145 allude
830 4090 996 4158 defenditur,
1022 4091 1100 4145 modo
1124 4077 1235 4145 sermm‘
1255 4089 1422 4158 spectauerit

270 4175 403 4242 locamur,-
421 4177 515 4230 malim
531 4175 616 4230 lirlta.
720 4176 804 4230 lece
821 4175 852 4229 ia
869 4191 926 4230 ras.
945 4175 976 4232 Α1
1081 4174 1331 4246 prestationeml

269 4263 287 4316 8
305 4261 388 4316 cuius
407 4267 470 4316 ante
488 4260 664 4332 cupiditates
682 4278 769 4330 supra
786 4277 896 4316 uncum
914 4263 977 4316 add.
995 4262 1029 4320 A³
1130 4263 1147 4315 9
1164 4267 1298 4334 prement
1316 4261 1336 4318 l

271 4349 303 4402 15
330 4353 385 4403 euu
410 4346 431 4403 l
535 4345 671 4417 quicquid
695 4346 728 4403 Αδ
833 4349 864 4402 16
891 4347 1063 4417 acquisitum
1081 4345 1114 4404 ll‘
1219 4349 1251 4402 18
1277 4348 1369 4403 uitam
1386 4349 1421 4414 Ας

269 4432 348 4489 uiam
367 4431 714 4502 metaumaucensis
732 4449 800 4502 opus
819 4442 866 4490 est.
961 4435 995 4488 20
1013 4433 1114 4489 nobis*
1144 4433 1178 4490 A’
1196 4433 1246 4502 (?);
1264 4434 1370 4490 nobilis
1387 4434 1419 4491 Α·

372 4521 401 4574 2]
432 4519 692 4576 inbeccillitatisrl
794 4519 830 4574 23
856 4519 990 4576 dubitare
1006 4562 1012 4576 .
1028 4538 1094 4575 cum
1121 4538 1209 4575 carue
1235 4521 1290 4576 ude
1314 4521 1344 4578 l¹
1372 4521 1421 4586 (aa

270 4624 403 4678 librarius
432 4625 466 4678 de
491 4623 556 4678 Ado
588 4621 783 4689 somniaus?);
819 4623 1040 4691 dubitaremum
1072 4607 1239 4691 elimaide
1266 4640 1336 4679 corr.
1361 4624 1421 4678 aua

271 4725 375 4763 risam.
