3230 5258
359 401 402 442 sn
425 400 566 442 nunvrsu
591 401 717 441 riarium
742 389 1042 457 cacuminibus,
1066 403 1118 442 vn.
1255 379 1317 442 387

169 565 299 631 exulem
331 563 486 651 respicit,
531 587 631 651 quem
664 563 847 651 profugum
881 571 981 651 capta
1013 567 1134 652 patria,
1180 568 1318 652 exiguas

167 674 327 760 reliquias
349 674 551 758 trahentem,
573 674 761 740 necessitas
785 681 820 740 et
841 675 981 740 uictoris
1004 681 1115 740 metus
1132 675 1320 762 longinqua

168 791 388 868 quaerentem
416 781 451 846 in
473 781 607 848 Italiam
637 783 768 848 detulit.
824 784 892 848 Hic
922 783 1045 849 deinde
1067 781 1213 869 populus
1236 791 1320 869 quot

169 890 319 958 colonias
353 891 389 956 in
422 912 557 957 omnem
589 892 801 978 prouinciam
834 893 940 958 misit!
1000 892 1203 976 ubicumque
1237 891 1319 956 uicit

143 1001 354 1084 ⁶Romanus,
387 998 536 1084 habitat;
571 999 615 1066 ad
646 999 735 1066 hanc
769 1001 1068 1067 commutationem
1100 1000 1253 1066 locorum
1279 1000 1319 1065 li-

166 1109 289 1175 bentes
322 1108 460 1175 nomina
493 1109 631 1193 dabant,
666 1121 701 1174 et
733 1109 862 1175 relictis
896 1110 962 1175 aris
993 1111 1060 1175 suis
1092 1115 1184 1174 trans
1215 1108 1321 1174 marie

167 1218 373 1304 sequebatur
401 1218 540 1285 colonus
567 1219 735 1285 uexillum.
790 1219 860 1284 Res
889 1218 1027 1304 quidem
1054 1239 1124 1283 non
1147 1217 1354 1283 desiderat8

166 1326 314 1413 plurium
347 1327 651 1412 enumerationem
685 1348 791 1393 unum
822 1335 938 1393 tamen
972 1326 1125 1410 adiciam,
1158 1325 1250 1412 quod
1283 1325 1319 1390 in

168 1435 283 1500 oculos
314 1457 350 1500 se
379 1435 514 1522 ingerit.
569 1436 666 1502 Haec
696 1435 771 1522 ipsa
799 1435 912 1502 insula
942 1458 1044 1521 saepe
1073 1435 1140 1500 iam
1171 1434 1319 1500 cultores

129 1562 153 1597 1⁰
167 1543 322 1609 mutauit.
377 1543 427 1610 Ut
450 1544 650 1631 antiquiora,
679 1551 766 1630 quae
788 1551 941 1610 uetustas
965 1543 1116 1628 obduxit,
1139 1551 1319 1627 transeam,

167 1651 320 1718 Phocide
348 1653 470 1719 relicta
492 1654 595 1738 Graii,
629 1653 687 1738 qui
709 1675 799 1719 nunc
820 1652 1008 1718 Massiliam
1029 1653 1191 1737 incolunt,
1226 1653 1318 1738 prius

167 1761 203 1825 in
231 1760 296 1826 hac
323 1761 434 1827 insula
462 1761 700 1846 consederunt,
735 1783 777 1826 ex
799 1784 866 1847 qua
889 1760 969 1846 quid
993 1783 1052 1826 eos
1074 1760 1247 1847 fugauerit
1268 1761 1319 1826 in-

168 1874 298 1935 certum
329 1875 397 1954 est,
430 1877 544 1936 utrum
571 1870 658 1936 caeli
685 1870 837 1957 grauitas
866 1893 910 1936 en
937 1870 1171 1956 praepotentis
1199 1869 1319 1935 Italiae

149 1985 374 2065 'conspectus
398 1996 441 2044 an
462 1985 581 2045 natiue
606 1979 798 2067 inportuosi
819 1977 936 2043 maris:
967 2000 1045 2044 nam
1067 1978 1104 2043 in
1127 1999 1229 2043 causa
1249 1999 1320 2042 non

72 2069 74 2076 ¹
129 2107 154 2142 ιτ»
166 2083 275 2151 fuisse
296 2083 470 2154 feritatem
491 2087 682 2154 accolarum
706 2108 746 2152 eo
770 2092 920 2172 apparet,
956 2085 1049 2170 quod
1070 2086 1214 2152 maxime
1237 2093 1319 2151 tunc

168 2194 321 2260 trucibus
355 2201 390 2262 et
421 2195 605 2262 inconditis
629 2195 761 2262 Galliae
794 2194 929 2282 populis
962 2217 999 2260 se
1032 2195 1318 2282 interposuerunt.

168 2301 391 2368 Transierunt
413 2302 536 2370 deinde
552 2305 696 2392 Ligures
718 2305 755 2370 in
778 2325 862 2388 eam,
886 2304 1094 2370 transierunt
1117 2310 1152 2369 et
1162 2303 1318 2390 Hispani,
1337 2317 1354 2368 9

170 2409 263 2494 quod
296 2433 338 2476 ex
371 2413 645 2480 similitudinibus
679 2421 836 2500 apparet:
871 2411 991 2478 eadem
1025 2414 1115 2478 enim
1144 2419 1320 2499 tegmenta

170 2519 319 2605 capitum
351 2519 511 2607 idemque
543 2545 651 2608 genus
686 2521 900 2589 calciamenti
932 2521 1023 2607 quod
1047 2521 1226 2588 Cantabris
1257 2527 1318 2605 est,

129 2652 154 2688 ιο
170 2633 205 2692 et
233 2628 341 2694 uerba
362 2629 544 2716 quaedam3
577 2654 658 2697 nam
679 2637 774 2696 totus
796 2652 907 2697 sermo
929 2631 1189 2696 conuersatione
1213 2629 1317 2694 Grae·

170 2757 286 2802 corum
298 2737 528 2824 Ligurumque
552 2761 572 2804 a
592 2739 704 2826 patrio
723 2738 878 2804 desciuit.
922 2738 1100 2804 Deductae
1119 2737 1244 2803 deinde
1257 2739 1317 2818 (eo)

171 2852 251 2910 sunt
283 2846 370 2912 duae
404 2848 529 2914 ciuium
550 2848 781 2914 Romanorum
815 2846 978 2931 coloniae,
1013 2846 1119 2912 altera
1152 2870 1173 2912 a
1201 2846 1319 2931 Mario,

171 2953 278 3020 altera
300 2978 321 3020 a
342 2954 449 3022 Sulla:
483 2957 611 3023 totiens
634 2955 733 3021 huius
756 2955 841 3022 aridi
865 2962 901 3020 et
923 2955 1052 3042 spinosi
1075 2954 1147 3022 saxi
1169 2960 1318 3020 mutatus

171 3069 223 3128 est
250 3063 406 3150 populus.
462 3065 529 3132 Uix
561 3065 707 3151 danique
734 3064 889 3130 inuenies
916 3064 1020 3130 ullam
1047 3071 1183 3147 terram,
1217 3084 1318 3148 quam
1339 3069 1370 3121 10

130 3198 158 3234 2⁶
172 3171 275 3238 etiam
301 3193 392 3238 nunc
419 3173 603 3260 indigenae
632 3174 762 3258 colant3
795 3172 963 3259 permixta
991 3173 1104 3238 omnia
1126 3177 1161 3237 et
1182 3172 1320 3236 insitina

170 3287 259 3346 sunt.
302 3279 399 3346 Alius
422 3281 480 3347 elii
499 3283 678 3349 suecessit:
702 3281 758 3348 hic
776 3281 982 3367 concupiuit,
1006 3279 1098 3366 quod
1114 3279 1163 3344 illi
1180 3278 1318 3345 fastidio

168 3589 186 3643 2
204 3587 500 3658 reliquiaefftrahentb
516 3592 550 3647 Ν
598 3591 616 3645 3
633 3608 777 3662 quaerens
795 3595 863 3648 coni.
881 3591 1005 3661 Lipsius.
1049 3592 1066 3645 5
1083 3589 1207 3646 habitat.
1225 3589 1255 3658 n,
1272 3590 1321 3644 sed

166 3681 299 3742 nundum
314 3691 394 3730 aram
408 3677 614 3738 avntbstibttnm
626 3685 673 3732 est.
731 3677 747 3731 ‘l
763 3678 882 3733 colonus
896 3677 1036 3734 uexillum
1052 3677 1181 3745 bladium
1201 3675 1319 3730 colonos

169 3760 291 3815 senexb
306 3761 439 3828 (colonus
449 3764 627 3832 sequebatur
635 3781 725 3820 senex
738 3767 792 3833 nu.)
848 3765 879 3817 ll
893 3763 1021 3818 Phocide
1031 3761 1065 3830 ll3
1083 3761 1218 3817 Phocaea
1231 3759 1319 3827 scrip-

169 3851 226 3900 tum
244 3849 374 3914 oportuit
393 3849 442 3904 aed
457 3850 523 3914 sort.
534 3847 651 3904 Senecae
667 3865 745 3903 error
762 3857 810 3904 est.
863 3849 955 3918 graiis
972 3849 1018 3914 ll⁶;
1037 3847 1121 3918 grain
1137 3845 1319 3910 bebnnutllt

1197 3943 1208 3970 Ι

169 3981 244 4050 quod
257 3989 405 4038 correctum
419 3991 479 4038 erat
493 3986 524 4039 in
537 3985 623 4056 graii}
676 3987 709 4040 18
726 4003 763 4042 ex
778 3984 1017 4040 similitudinibus
1031 3983 1145 4052 seipsa
1163 3981 1318 4038 eximilitu-

170 4065 238 4122 dine
256 4067 331 4123 ritus
349 4069 370 4124 n
388 4071 415 4137 (s
433 4070 496 4124 odd.
515 4087 549 4124 m.
568 4072 609 4140 1);
627 4073 676 4126 sed
692 4071 766 4127 ritus
783 4073 809 4127 b.
819 4073 835 4126 l.
855 4087 911 4126 uox
926 4071 1008 4126 nubili
1026 4076 1073 4136 est,
1091 4085 1151 4123 uam
1168 4069 1219 4124 utu
1235 4071 1318 4123 nean·

169 4159 270 4216 menta,
297 4171 367 4222 uiue
393 4155 491 4211 deinde
512 4165 761 4224 connumeranmr,
789 4165 815 4213 et
838 4164 907 4212 certe
926 4172 983 4212 non
1005 4155 1089 4210 ioerbc
1113 4153 1188 4208 ritus
1210 4155 1320 4208 nonnine

137 4303 138 4308 ἵ
169 4241 267 4293 necari
287 4243 396 4307 possim
418 4250 468 4297 aut
488 4243 526 4297 ad
549 4255 608 4298 eum
629 4243 801 4311 pertineam
824 4259 878 4311 pro
901 4242 975 4297 ritus
1000 4241 1172 4297 Cornelissen
1193 4239 1319 4294 uestitus

171 4323 293 4390 coniecit,
321 4326 369 4380 aed
391 4328 541 4383 nnmdatio
563 4329 614 4382 loci
636 4345 691 4382 non
707 4329 759 4383 bac
776 4332 939 4384 cerream
957 4329 1117 4390 absolvitur,
1144 4341 1204 4378 cnm
1221 4326 1262 4378 cic
1278 4327 1318 4378 in-

171 4416 230 4476 epte
252 4409 303 4464 illa
321 4427 390 4478 quae
408 4421 473 4468 aunt
490 4419 520 4468 et
538 4415 629 4469 uerba
647 4415 789 4484 quaedam
807 4416 1017 4482 subinnuuntur.
1119 4412 1154 4463 20
1177 4407 1319 4479 quaedam

171 4493 296 4560 (eadem)
320 4495 488 4568 Wesenbcrq.
590 4501 624 4554 ai
642 4518 676 4554 eo
694 4501 798 4556 addidi.
894 4499 929 4553 23
946 4499 1023 4570 sylla
1041 4496 1061 4553 l
1155 4495 1189 4548 25
1208 4494 1234 4548 dt
1251 4493 1319 4549 iad

274 4581 395 4637 insitiua
419 4601 465 4652 eqo
483 4585 586 4640 conieci
604 4587 619 4640 l.
642 4587 673 4651 1.;
699 4586 829 4641 insiticia
846 4585 1014 4645 Pincianus:
1041 4577 1216 4636 instituted

170 4667 272 4772 aaut*
288 4721 363 4785 (corr
380 4735 413 4773 m.
432 4721 501 4786 nl

1062 4810 1115 4866 25*
