<?xml version="1.0" encoding="UTF-8"?>
<!DOCTYPE html PUBLIC "-//W3C//DTD XHTML 1.0 Transitional//EN"
    "http://www.w3.org/TR/xhtml1/DTD/xhtml1-transitional.dtd">
<html xmlns="http://www.w3.org/1999/xhtml" xml:lang="en" lang="en">
 <head>
  <title>
</title>
<meta http-equiv="Content-Type" content="text/html;charset=utf-8" />
  <meta name='ocr-system' content='tesseract 3.04.00' />
  <meta name='ocr-capabilities' content='ocr_page ocr_carea ocr_par ocr_line ocrx_word'/>
</head>
<body>
  <div class='ocr_page' id='page_1' title='image "./lannaeisenecaed00senegoog/lannaeisenecaed00senegoog_0453.png"; bbox 0 0 3230 5258; ppageno 0'>
   <div class='ocr_carea' id='block_1_1' title="bbox 453 1679 1287 1767">
    <p class='ocr_par' dir='ltr' id='par_1_1' title="bbox 453 1679 1287 1767">
     <span class='ocr_line' id='line_1_1' title="bbox 453 1679 1287 1767; baseline -0.004 -11"><span class='ocrx_word' id='word_1_1' title='bbox 453 1681 649 1756; x_wconf 85' lang='lat' dir='ltr'><strong>Exoursus</strong></span> <span class='ocrx_word' id='word_1_2' title='bbox 672 1679 828 1754; x_wconf 89' lang='lat' dir='ltr'><strong>oritious</strong></span> <span class='ocrx_word' id='word_1_3' title='bbox 851 1679 900 1753; x_wconf 89' lang='lat' dir='ltr'><strong>ad</strong></span> <span class='ocrx_word' id='word_1_4' title='bbox 924 1679 1012 1755; x_wconf 86' lang='lat' dir='ltr'><strong>Diel.</strong></span> <span class='ocrx_word' id='word_1_5' title='bbox 1035 1679 1097 1754; x_wconf 89' lang='lat' dir='ltr'><strong>lib.</strong></span> <span class='ocrx_word' id='word_1_6' title='bbox 1121 1679 1287 1767; x_wconf 81' lang='lat' dir='ltr'><strong>v1‚11,1.</strong></span> 
     </span>
    </p>
   </div>
   <div class='ocr_carea' id='block_1_2' title="bbox 294 2013 1452 2408">
    <p class='ocr_par' dir='ltr' id='par_1_2' title="bbox 294 2013 1452 2408">
     <span class='ocr_line' id='line_1_2' title="bbox 379 2013 1452 2096; baseline 0 -19"><span class='ocrx_word' id='word_1_7' title='bbox 379 2017 430 2078; x_wconf 89' lang='lat' dir='ltr'><strong>Ad</strong></span> <span class='ocrx_word' id='word_1_8' title='bbox 452 2017 677 2078; x_wconf 78' lang='lat' dir='ltr'><strong>defendendam</strong></span> <span class='ocrx_word' id='word_1_9' title='bbox 698 2037 765 2078; x_wconf 87' lang='lat' dir='ltr'><strong>eam</strong></span> <span class='ocrx_word' id='word_1_10' title='bbox 788 2017 945 2094; x_wconf 89' lang='lat' dir='ltr'><strong>rationem,</strong></span> <span class='ocrx_word' id='word_1_11' title='bbox 969 2013 1029 2094; x_wconf 77' lang='lat' dir='ltr'><strong>qna</strong></span> <span class='ocrx_word' id='word_1_12' title='bbox 1051 2036 1144 2096; x_wconf 79' lang='lat' dir='ltr'><strong>supra</strong></span> <span class='ocrx_word' id='word_1_13' title='bbox 1165 2037 1196 2096; x_wconf 88' lang='lat' dir='ltr'><strong>p.</strong></span> <span class='ocrx_word' id='word_1_14' title='bbox 1212 2017 1283 2092; x_wconf 84' lang='grc'><strong>177,</strong></span> <span class='ocrx_word' id='word_1_15' title='bbox 1307 2017 1327 2075; x_wconf 86' lang='lat' dir='ltr'><strong>b</strong></span> <span class='ocrx_word' id='word_1_16' title='bbox 1350 2018 1452 2077; x_wconf 64' lang='lat' dir='ltr'><strong>comte</strong></span> 
     </span>
     <span class='ocr_line' id='line_1_3' title="bbox 294 2119 1450 2200; baseline -0.005 -16"><span class='ocrx_word' id='word_1_17' title='bbox 294 2124 499 2184; x_wconf 76' lang='lat' dir='ltr'><strong><em>morborum</em></strong></span> <span class='ocrx_word' id='word_1_18' title='bbox 520 2123 640 2195; x_wconf 79' lang='lat' dir='ltr'><strong>repetitu</strong></span> <span class='ocrx_word' id='word_1_19' title='bbox 661 2120 771 2200; x_wconf 77' lang='lat' dir='ltr'>scripsi</span> <span class='ocrx_word' id='word_1_20' title='bbox 793 2141 848 2200; x_wconf 93' lang='lat' dir='ltr'><strong>pro</strong></span> <span class='ocrx_word' id='word_1_21' title='bbox 872 2140 917 2196; x_wconf 94' lang='lat' dir='ltr'><strong>eo,</strong></span> <span class='ocrx_word' id='word_1_22' title='bbox 947 2119 1029 2198; x_wconf 90' lang='lat' dir='ltr'><strong>quod</strong></span> <span class='ocrx_word' id='word_1_23' title='bbox 1049 2119 1082 2180; x_wconf 90' lang='lat' dir='ltr'><strong>in</strong></span> <span class='ocrx_word' id='word_1_24' title='bbox 1102 2121 1125 2177; x_wconf 85' lang='grc' dir='ltr'><strong>Α</strong></span> <span class='ocrx_word' id='word_1_25' title='bbox 1143 2127 1204 2180; x_wconf 84' lang='lat' dir='ltr'><strong>est:</strong></span> <span class='ocrx_word' id='word_1_26' title='bbox 1238 2121 1337 2180; x_wconf 66' lang='lat' dir='ltr'><strong>octub</strong></span> <span class='ocrx_word' id='word_1_27' title='bbox 1358 2137 1450 2179; x_wconf 82' lang='lat' dir='ltr'><strong>mor-</strong></span> 
     </span>
     <span class='ocr_line' id='line_1_4' title="bbox 294 2223 1448 2303; baseline -0.002 -15"><span class='ocrx_word' id='word_1_28' title='bbox 294 2229 355 2288; x_wconf 83' lang='lat' dir='ltr'><strong>bos</strong></span> <span class='ocrx_word' id='word_1_29' title='bbox 382 2227 514 2300; x_wconf 74' lang='lat' dir='ltr'><strong>repetita,</strong></span> <span class='ocrx_word' id='word_1_30' title='bbox 548 2244 609 2284; x_wconf 91' lang='lat' dir='ltr'><strong>non</strong></span> <span class='ocrx_word' id='word_1_31' title='bbox 636 2224 726 2303; x_wconf 89' lang='lat' dir='ltr'><strong>plura</strong></span> <span class='ocrx_word' id='word_1_32' title='bbox 753 2243 801 2284; x_wconf 90' lang='lat' dir='ltr'><strong>me</strong></span> <span class='ocrx_word' id='word_1_33' title='bbox 829 2224 930 2285; x_wconf 90' lang='lat' dir='ltr'><strong>dicere</strong></span> <span class='ocrx_word' id='word_1_34' title='bbox 958 2243 1035 2303; x_wconf 86' lang='lat' dir='ltr'><strong>opus</strong></span> <span class='ocrx_word' id='word_1_35' title='bbox 1062 2243 1131 2285; x_wconf 89' lang='lat' dir='ltr'><strong>esse</strong></span> <span class='ocrx_word' id='word_1_36' title='bbox 1161 2223 1252 2284; x_wconf 90' lang='lat' dir='ltr'><strong>credo</strong></span> <span class='ocrx_word' id='word_1_37' title='bbox 1280 2243 1371 2300; x_wconf 89' lang='lat' dir='ltr'><strong>quam</strong></span> <span class='ocrx_word' id='word_1_38' title='bbox 1400 2244 1448 2301; x_wconf 85' lang='lat' dir='ltr'><strong>ea,</strong></span> 
     </span>
     <span class='ocr_line' id='line_1_5' title="bbox 295 2325 1447 2408; baseline -0.003 -18"><span class='ocrx_word' id='word_1_39' title='bbox 295 2350 373 2407; x_wconf 88' lang='lat' dir='ltr'><strong>quae</strong></span> <span class='ocrx_word' id='word_1_40' title='bbox 401 2339 432 2389; x_wconf 91' lang='lat' dir='ltr'><strong>et</strong></span> <span class='ocrx_word' id='word_1_41' title='bbox 453 2326 627 2408; x_wconf 77' lang='lat' dir='ltr'><strong>Maduigius</strong></span> <span class='ocrx_word' id='word_1_42' title='bbox 655 2328 685 2387; x_wconf 93' lang='lat' dir='ltr'><strong>in</strong></span> <span class='ocrx_word' id='word_1_43' title='bbox 707 2326 843 2400; x_wconf 77' lang='lat' dir='ltr'><strong>Aduers,</strong></span> <span class='ocrx_word' id='word_1_44' title='bbox 863 2327 929 2388; x_wconf 91' lang='lat' dir='ltr'><strong>crit.</strong></span> <span class='ocrx_word' id='word_1_45' title='bbox 953 2325 988 2387; x_wconf 84' lang='lat'><strong>11</strong></span> <span class='ocrx_word' id='word_1_46' title='bbox 1016 2348 1046 2406; x_wconf 92' lang='lat' dir='ltr'><strong>p.</strong></span> <span class='ocrx_word' id='word_1_47' title='bbox 1071 2327 1129 2387; x_wconf 85' lang='lat'><strong>351</strong></span> <span class='ocrx_word' id='word_1_48' title='bbox 1162 2335 1193 2387; x_wconf 89' lang='lat' dir='ltr'><strong>et</strong></span> <span class='ocrx_word' id='word_1_49' title='bbox 1220 2347 1276 2406; x_wconf 83' lang='lat' dir='ltr'><strong>ego</strong></span> <span class='ocrx_word' id='word_1_50' title='bbox 1306 2327 1336 2387; x_wconf 88' lang='lat' dir='ltr'><strong>in</strong></span> <span class='ocrx_word' id='word_1_51' title='bbox 1359 2326 1447 2388; x_wconf 89' lang='lat' dir='ltr'><strong>Stud.</strong></span> 
     </span>
    </p>
   </div>
   <div class='ocr_carea' id='block_1_3' title="bbox 294 2428 1519 4793">
    <p class='ocr_par' dir='ltr' id='par_1_3' title="bbox 294 2428 1448 3322">
     <span class='ocr_line' id='line_1_6' title="bbox 295 2428 1448 2511; baseline -0.003 -18"><span class='ocrx_word' id='word_1_52' title='bbox 295 2433 361 2493; x_wconf 91' lang='lat' dir='ltr'><strong>crit.</strong></span> <span class='ocrx_word' id='word_1_53' title='bbox 384 2453 415 2511; x_wconf 88' lang='lat' dir='ltr'><strong>p.</strong></span> <span class='ocrx_word' id='word_1_54' title='bbox 441 2433 501 2492; x_wconf 90' lang='lat'><strong>108</strong></span> <span class='ocrx_word' id='word_1_55' title='bbox 529 2430 675 2506; x_wconf 58' lang='lat' dir='ltr'><strong>diximum</strong></span> <span class='ocrx_word' id='word_1_56' title='bbox 709 2431 767 2490; x_wconf 89' lang='lat' dir='ltr'><strong>hoo</strong></span> <span class='ocrx_word' id='word_1_57' title='bbox 794 2429 894 2491; x_wconf 87' lang='lat' dir='ltr'><strong>solum</strong></span> <span class='ocrx_word' id='word_1_58' title='bbox 921 2429 1059 2506; x_wconf 88' lang='lat' dir='ltr'><strong>adiciam,</strong></span> <span class='ocrx_word' id='word_1_59' title='bbox 1095 2428 1241 2492; x_wconf 87' lang='lat' dir='ltr'><strong>Senecam</strong></span> <span class='ocrx_word' id='word_1_60' title='bbox 1269 2429 1341 2490; x_wconf 88' lang='lat' dir='ltr'><strong>mihi</strong></span> <span class='ocrx_word' id='word_1_61' title='bbox 1370 2431 1448 2491; x_wconf 93' lang='lat' dir='ltr'><strong>bene</strong></span> 
     </span>
     <span class='ocr_line' id='line_1_7' title="bbox 294 2529 1448 2609; baseline -0.001 -13"><span class='ocrx_word' id='word_1_62' title='bbox 294 2543 326 2596; x_wconf 89' lang='lat' dir='ltr'><strong>et</strong></span> <span class='ocrx_word' id='word_1_63' title='bbox 348 2534 538 2596; x_wconf 85' lang='lat' dir='ltr'><strong>considerate</strong></span> <span class='ocrx_word' id='word_1_64' title='bbox 560 2537 685 2594; x_wconf 78' lang='lat' dir='ltr'><strong>causis</strong></span> <span class='ocrx_word' id='word_1_65' title='bbox 705 2535 879 2604; x_wconf 77' lang='lat' dir='ltr'><strong>morbomm,</strong></span> <span class='ocrx_word' id='word_1_66' title='bbox 907 2553 969 2592; x_wconf 91' lang='lat' dir='ltr'><strong>non</strong></span> <span class='ocrx_word' id='word_1_67' title='bbox 990 2535 1096 2594; x_wconf 72' lang='lat' dir='ltr'><strong>morbis</strong></span> <span class='ocrx_word' id='word_1_68' title='bbox 1118 2531 1179 2609; x_wconf 90' lang='lat' dir='ltr'><strong>(nel</strong></span> <span class='ocrx_word' id='word_1_69' title='bbox 1200 2529 1311 2608; x_wconf 80' lang='lat' dir='ltr'><strong>morbo)</strong></span> <span class='ocrx_word' id='word_1_70' title='bbox 1333 2533 1448 2595; x_wconf 87' lang='lat' dir='ltr'><strong>dixisse</strong></span> 
     </span>
     <span class='ocr_line' id='line_1_8' title="bbox 295 2637 1447 2714; baseline -0.001 -15"><span class='ocrx_word' id='word_1_71' title='bbox 295 2638 402 2714; x_wconf 89' lang='lat' dir='ltr'><strong>uideri,</strong></span> <span class='ocrx_word' id='word_1_72' title='bbox 432 2637 573 2714; x_wconf 88' lang='lat' dir='ltr'><strong>quoniam</strong></span> <span class='ocrx_word' id='word_1_73' title='bbox 595 2637 652 2698; x_wconf 89' lang='lat' dir='ltr'><strong>hoo</strong></span> <span class='ocrx_word' id='word_1_74' title='bbox 675 2637 804 2698; x_wconf 86' lang='lat' dir='ltr'><strong>alterum</strong></span> <span class='ocrx_word' id='word_1_75' title='bbox 825 2637 950 2698; x_wconf 89' lang='lat' dir='ltr'><strong>nimium</strong></span> <span class='ocrx_word' id='word_1_76' title='bbox 973 2645 1071 2712; x_wconf 88' lang='lat' dir='ltr'><strong>esset;</strong></span> <span class='ocrx_word' id='word_1_77' title='bbox 1104 2657 1174 2698; x_wconf 89' lang='lat' dir='ltr'><strong>nam</strong></span> <span class='ocrx_word' id='word_1_78' title='bbox 1195 2657 1228 2698; x_wconf 90' lang='lat' dir='ltr'><strong>re</strong></span> <span class='ocrx_word' id='word_1_79' title='bbox 1251 2657 1326 2698; x_wconf 89' lang='lat' dir='ltr'><strong>uera</strong></span> <span class='ocrx_word' id='word_1_80' title='bbox 1347 2637 1447 2698; x_wconf 85' lang='lat' dir='ltr'><strong>rarius</strong></span> 
     </span>
     <span class='ocr_line' id='line_1_9' title="bbox 295 2739 1446 2822; baseline -0.002 -20"><span class='ocrx_word' id='word_1_81' title='bbox 295 2743 409 2804; x_wconf 87' lang='lat' dir='ltr'><strong>morbis</strong></span> <span class='ocrx_word' id='word_1_82' title='bbox 435 2741 511 2820; x_wconf 86' lang='lat' dir='ltr'><strong>ipsis</strong></span> <span class='ocrx_word' id='word_1_83' title='bbox 540 2739 704 2818; x_wconf 71' lang='lat' dir='ltr'><strong>adficimur,</strong></span> <span class='ocrx_word' id='word_1_84' title='bbox 738 2740 794 2800; x_wconf 93' lang='lat' dir='ltr'><strong>sed</strong></span> <span class='ocrx_word' id='word_1_85' title='bbox 822 2761 933 2802; x_wconf 88' lang='lat' dir='ltr'><strong>causae</strong></span> <span class='ocrx_word' id='word_1_86' title='bbox 954 2742 1126 2802; x_wconf 83' lang='lat' dir='ltr'><strong>morborum</strong></span> <span class='ocrx_word' id='word_1_87' title='bbox 1149 2761 1270 2822; x_wconf 80' lang='lat' dir='ltr'><strong>semper</strong></span> <span class='ocrx_word' id='word_1_88' title='bbox 1292 2741 1381 2801; x_wconf 89' lang='lat' dir='ltr'><strong>nobis</strong></span> <span class='ocrx_word' id='word_1_89' title='bbox 1402 2741 1446 2800; x_wconf 88' lang='lat' dir='ltr'><strong>in-</strong></span> 
     </span>
     <span class='ocr_line' id='line_1_10' title="bbox 295 2843 1448 2924; baseline 0 -18"><span class='ocrx_word' id='word_1_90' title='bbox 295 2845 453 2906; x_wconf 87' lang='lat' dir='ltr'><strong>sidiantur.</strong></span> <span class='ocrx_word' id='word_1_91' title='bbox 498 2843 566 2905; x_wconf 91' lang='lat' dir='ltr'><strong>Hoc</strong></span> <span class='ocrx_word' id='word_1_92' title='bbox 583 2852 683 2906; x_wconf 89' lang='lat' dir='ltr'><strong>autem</strong></span> <span class='ocrx_word' id='word_1_93' title='bbox 699 2844 766 2906; x_wconf 92' lang='lat' dir='ltr'><strong>loco</strong></span> <span class='ocrx_word' id='word_1_94' title='bbox 783 2864 882 2923; x_wconf 86' lang='lat' dir='ltr'><strong>pauca</strong></span> <span class='ocrx_word' id='word_1_95' title='bbox 898 2843 938 2904; x_wconf 92' lang='lat' dir='ltr'><strong>de</strong></span> <span class='ocrx_word' id='word_1_96' title='bbox 954 2865 990 2905; x_wconf 88' lang='lat' dir='ltr'><strong>oo</strong></span> <span class='ocrx_word' id='word_1_97' title='bbox 1007 2865 1144 2906; x_wconf 87' lang='lat' dir='ltr'><strong>errorum</strong></span> <span class='ocrx_word' id='word_1_98' title='bbox 1157 2865 1279 2924; x_wconf 81' lang='lat' dir='ltr'><strong>genere,</strong></span> <span class='ocrx_word' id='word_1_99' title='bbox 1303 2845 1389 2906; x_wconf 87' lang='lat' dir='ltr'><strong>cuius</strong></span> <span class='ocrx_word' id='word_1_100' title='bbox 1400 2845 1448 2906; x_wconf 89' lang='lat' dir='ltr'><strong>bic</strong></span> 
     </span>
     <span class='ocr_line' id='line_1_11' title="bbox 297 2947 1448 3029; baseline 0 -19"><span class='ocrx_word' id='word_1_101' title='bbox 297 2950 452 3029; x_wconf 79' lang='lat' dir='ltr'><strong>specimen</strong></span> <span class='ocrx_word' id='word_1_102' title='bbox 476 2948 633 3024; x_wconf 79' lang='lat' dir='ltr'><strong>hebemus,</strong></span> <span class='ocrx_word' id='word_1_103' title='bbox 667 2947 830 3027; x_wconf 72' lang='lat' dir='ltr'><strong>disputabo</strong></span> <span class='ocrx_word' id='word_1_104' title='bbox 858 2949 896 3008; x_wconf 90' lang='lat' dir='ltr'><strong>iis</strong></span> <span class='ocrx_word' id='word_1_105' title='bbox 923 2967 998 3010; x_wconf 88' lang='lat' dir='ltr'><strong>usus</strong></span> <span class='ocrx_word' id='word_1_106' title='bbox 1025 2948 1181 3028; x_wconf 85' lang='lat' dir='ltr'><strong>exemplis,</strong></span> <span class='ocrx_word' id='word_1_107' title='bbox 1215 2968 1294 3025; x_wconf 87' lang='lat' dir='ltr'><strong>quae</strong></span> <span class='ocrx_word' id='word_1_108' title='bbox 1321 2948 1448 3010; x_wconf 79' lang='lat' dir='ltr'><strong>collecta</strong></span> 
     </span>
     <span class='ocr_line' id='line_1_12' title="bbox 295 3051 1447 3132; baseline 0 -20"><span class='ocrx_word' id='word_1_109' title='bbox 295 3052 407 3128; x_wconf 74' lang='lat' dir='ltr'><strong>habeo,</strong></span> <span class='ocrx_word' id='word_1_110' title='bbox 430 3072 557 3130; x_wconf 90' lang='lat' dir='ltr'><strong>quorum</strong></span> <span class='ocrx_word' id='word_1_111' title='bbox 579 3071 722 3113; x_wconf 81' lang='lat' dir='ltr'><strong>numerus</strong></span> <span class='ocrx_word' id='word_1_112' title='bbox 743 3051 809 3112; x_wconf 92' lang='lat' dir='ltr'><strong>sine</strong></span> <span class='ocrx_word' id='word_1_113' title='bbox 832 3051 925 3114; x_wconf 89' lang='lat' dir='ltr'><strong>dubio</strong></span> <span class='ocrx_word' id='word_1_114' title='bbox 946 3051 1038 3114; x_wconf 88' lang='lat' dir='ltr'><strong>facile</strong></span> <span class='ocrx_word' id='word_1_115' title='bbox 1060 3053 1164 3132; x_wconf 78' lang='lat' dir='ltr'><strong>angeri</strong></span> <span class='ocrx_word' id='word_1_116' title='bbox 1185 3053 1307 3132; x_wconf 86' lang='lat' dir='ltr'><strong>poterit,</strong></span> <span class='ocrx_word' id='word_1_117' title='bbox 1331 3051 1358 3112; x_wconf 86' lang='lat' dir='ltr'><strong>si</strong></span> <span class='ocrx_word' id='word_1_118' title='bbox 1380 3053 1447 3130; x_wconf 90' lang='lat' dir='ltr'><strong>quis</strong></span> 
     </span>
     <span class='ocr_line' id='line_1_13' title="bbox 296 3155 1447 3235; baseline -0.002 -19"><span class='ocrx_word' id='word_1_119' title='bbox 296 3156 427 3235; x_wconf 89' lang='lat' dir='ltr'><strong>plurium</strong></span> <span class='ocrx_word' id='word_1_120' title='bbox 461 3155 642 3234; x_wconf 85' lang='lat' dir='ltr'><strong>scriptorum</strong></span> <span class='ocrx_word' id='word_1_121' title='bbox 675 3155 769 3216; x_wconf 83' lang='lat' dir='ltr'><strong>libros</strong></span> <span class='ocrx_word' id='word_1_122' title='bbox 801 3156 988 3235; x_wconf 89' lang='lat' dir='ltr'><strong>perlustrare</strong></span> <span class='ocrx_word' id='word_1_123' title='bbox 1020 3155 1167 3232; x_wconf 79' lang='lat' dir='ltr'><strong>uoluerit,</strong></span> <span class='ocrx_word' id='word_1_124' title='bbox 1208 3155 1389 3234; x_wconf 84' lang='lat' dir='ltr'><strong>praesertim</strong></span> <span class='ocrx_word' id='word_1_125' title='bbox 1421 3156 1447 3214; x_wconf 89' lang='lat' dir='ltr'><strong>si</strong></span> 
     </span>
     <span class='ocr_line' id='line_1_14' title="bbox 297 3257 1045 3322; baseline -0.003 0"><span class='ocrx_word' id='word_1_126' title='bbox 297 3259 389 3322; x_wconf 88' lang='lat' dir='ltr'><strong>etiam</strong></span> <span class='ocrx_word' id='word_1_127' title='bbox 410 3257 592 3320; x_wconf 83' lang='lat' dir='ltr'><strong>deteriorum</strong></span> <span class='ocrx_word' id='word_1_128' title='bbox 615 3259 753 3320; x_wconf 87' lang='lat' dir='ltr'><strong>codicum</strong></span> <span class='ocrx_word' id='word_1_129' title='bbox 775 3259 852 3321; x_wconf 85' lang='lat' dir='ltr'><strong>ratio</strong></span> <span class='ocrx_word' id='word_1_130' title='bbox 873 3259 1045 3320; x_wconf 76' lang='lat' dir='ltr'><strong>habebitur.</strong></span> 
     </span>
    </p>

    <p class='ocr_par' dir='ltr' id='par_1_4' title="bbox 296 3362 1519 4374">
     <span class='ocr_line' id='line_1_15' title="bbox 384 3362 1445 3443; baseline 0 -19"><span class='ocrx_word' id='word_1_131' title='bbox 384 3362 511 3424; x_wconf 78' lang='lat' dir='ltr'><strong>Constat</strong></span> <span class='ocrx_word' id='word_1_132' title='bbox 538 3364 597 3424; x_wconf 90' lang='lat' dir='ltr'><strong>iam</strong></span> <span class='ocrx_word' id='word_1_133' title='bbox 626 3363 696 3424; x_wconf 91' lang='lat' dir='ltr'><strong>inde</strong></span> <span class='ocrx_word' id='word_1_134' title='bbox 723 3365 761 3423; x_wconf 90' lang='lat' dir='ltr'><strong>eb</strong></span> <span class='ocrx_word' id='word_1_135' title='bbox 790 3363 913 3442; x_wconf 85' lang='lat' dir='ltr'><strong>antiquo</strong></span> <span class='ocrx_word' id='word_1_136' title='bbox 942 3371 1078 3443; x_wconf 91' lang='lat' dir='ltr'><strong>tempore</strong></span> <span class='ocrx_word' id='word_1_137' title='bbox 1106 3362 1347 3423; x_wconf 77' lang='lat' dir='ltr'><strong>terminationem</strong></span> <span class='ocrx_word' id='word_1_138' title='bbox 1370 3380 1445 3432; x_wconf 77' lang='lat' dir='ltr'><strong>rum,</strong></span> 
     </span>
     <span class='ocr_line' id='line_1_16' title="bbox 297 3465 1447 3546; baseline 0 -20"><span class='ocrx_word' id='word_1_139' title='bbox 297 3467 427 3526; x_wconf 88' lang='lat' dir='ltr'><strong>maxime</strong></span> <span class='ocrx_word' id='word_1_140' title='bbox 453 3465 484 3525; x_wconf 91' lang='lat' dir='ltr'><strong>in</strong></span> <span class='ocrx_word' id='word_1_141' title='bbox 511 3466 661 3544; x_wconf 75' lang='lat' dir='ltr'><strong>genetiuis</strong></span> <span class='ocrx_word' id='word_1_142' title='bbox 688 3468 804 3528; x_wconf 87' lang='lat' dir='ltr'><strong>numeri</strong></span> <span class='ocrx_word' id='word_1_143' title='bbox 832 3465 958 3546; x_wconf 88' lang='lat' dir='ltr'><strong>pluralis</strong></span> <span class='ocrx_word' id='word_1_144' title='bbox 985 3467 1148 3541; x_wconf 90' lang='lat' dir='ltr'><strong>nominum,</strong></span> <span class='ocrx_word' id='word_1_145' title='bbox 1182 3487 1261 3544; x_wconf 87' lang='lat' dir='ltr'><strong>quae</strong></span> <span class='ocrx_word' id='word_1_146' title='bbox 1284 3465 1447 3528; x_wconf 85' lang='lat' dir='ltr'><strong>secundam</strong></span> 
     </span>
     <span class='ocr_line' id='line_1_17' title="bbox 297 3563 1447 3649; baseline -0.002 -19"><span class='ocrx_word' id='word_1_147' title='bbox 297 3565 341 3644; x_wconf 90' lang='lat' dir='ltr'><strong>(et</strong></span> <span class='ocrx_word' id='word_1_148' title='bbox 372 3563 512 3649; x_wconf 86' lang='lat' dir='ltr'><strong>primam)</strong></span> <span class='ocrx_word' id='word_1_149' title='bbox 545 3569 775 3632; x_wconf 77' lang='lat' dir='ltr'><strong>declinationem</strong></span> <span class='ocrx_word' id='word_1_150' title='bbox 808 3577 988 3648; x_wconf 87' lang='lat' dir='ltr'><strong>sequantur,</strong></span> <span class='ocrx_word' id='word_1_151' title='bbox 1030 3571 1085 3631; x_wconf 91' lang='lat' dir='ltr'><strong>sed</strong></span> <span class='ocrx_word' id='word_1_152' title='bbox 1118 3571 1208 3632; x_wconf 82' lang='lat' dir='ltr'><strong>etiam</strong></span> <span class='ocrx_word' id='word_1_153' title='bbox 1242 3569 1330 3644; x_wconf 85' lang='lat' dir='ltr'><strong>ulibi,</strong></span> <span class='ocrx_word' id='word_1_154' title='bbox 1363 3567 1447 3630; x_wconf 71' lang='lat' dir='ltr'><strong>serio</strong></span> 
     </span>
     <span class='ocr_line' id='line_1_18' title="bbox 296 3672 1447 3752; baseline 0 -20"><span class='ocrx_word' id='word_1_155' title='bbox 296 3672 385 3732; x_wconf 90' lang='lat' dir='ltr'><strong>modo</strong></span> <span class='ocrx_word' id='word_1_156' title='bbox 407 3693 463 3752; x_wconf 90' lang='lat' dir='ltr'><strong>per</strong></span> <span class='ocrx_word' id='word_1_157' title='bbox 485 3673 664 3752; x_wconf 87' lang='lat' dir='ltr'><strong>compendia</strong></span> <span class='ocrx_word' id='word_1_158' title='bbox 687 3693 704 3732; x_wconf 92' lang='lat' dir='ltr'><strong>a</strong></span> <span class='ocrx_word' id='word_1_159' title='bbox 725 3673 857 3734; x_wconf 89' lang='lat' dir='ltr'><strong>librariis</strong></span> <span class='ocrx_word' id='word_1_160' title='bbox 879 3673 972 3734; x_wconf 88' lang='lat' dir='ltr'><strong>scribi</strong></span> <span class='ocrx_word' id='word_1_161' title='bbox 995 3673 1114 3734; x_wconf 85' lang='lat' dir='ltr'><strong>solitam</strong></span> <span class='ocrx_word' id='word_1_162' title='bbox 1137 3693 1214 3734; x_wconf 86' lang='lat' dir='ltr'><strong>esee.</strong></span> <span class='ocrx_word' id='word_1_163' title='bbox 1259 3672 1345 3734; x_wconf 81' lang='lat' dir='ltr'><strong>Haec</strong></span> <span class='ocrx_word' id='word_1_164' title='bbox 1368 3693 1447 3733; x_wconf 90' lang='lat' dir='ltr'><strong>com·</strong></span> 
     </span>
     <span class='ocr_line' id='line_1_19' title="bbox 296 3773 1445 3858; baseline 0 -22"><span class='ocrx_word' id='word_1_165' title='bbox 296 3776 417 3855; x_wconf 88' lang='lat' dir='ltr'><strong>pendia,</strong></span> <span class='ocrx_word' id='word_1_166' title='bbox 441 3787 519 3854; x_wconf 86' lang='lat' dir='ltr'><strong>quae</strong></span> <span class='ocrx_word' id='word_1_167' title='bbox 540 3776 796 3838; x_wconf 87' lang='lat' dir='ltr'><strong>Wattenbechiue</strong></span> <span class='ocrx_word' id='word_1_168' title='bbox 818 3777 849 3837; x_wconf 92' lang='lat' dir='ltr'><strong>in</strong></span> <span class='ocrx_word' id='word_1_169' title='bbox 871 3777 1110 3858; x_wconf 79' lang='lat' dir='ltr'><strong>Palaeographia</strong></span> <span class='ocrx_word' id='word_1_170' title='bbox 1132 3773 1217 3837; x_wconf 73' lang='lat' dir='ltr'><strong>Lat.¹</strong></span> <span class='ocrx_word' id='word_1_171' title='bbox 1238 3798 1268 3856; x_wconf 89' lang='lat' dir='ltr'><strong>p.</strong></span> <span class='ocrx_word' id='word_1_172' title='bbox 1285 3779 1334 3853; x_wconf 88' lang='lat'><strong>14,</strong></span> <span class='ocrx_word' id='word_1_173' title='bbox 1360 3780 1374 3837; x_wconf 99' lang='grc'><strong>1</strong></span> <span class='ocrx_word' id='word_1_174' title='bbox 1400 3795 1445 3852; x_wconf 91' lang='lat' dir='ltr'><strong>sq.</strong></span> 
     </span>
     <span class='ocr_line' id='line_1_20' title="bbox 296 3879 1448 3960; baseline 0.001 -20"><span class='ocrx_word' id='word_1_175' title='bbox 296 3881 464 3959; x_wconf 81' lang='lat' dir='ltr'><strong>proposuit,</strong></span> <span class='ocrx_word' id='word_1_176' title='bbox 498 3880 622 3956; x_wconf 85' lang='lat' dir='ltr'><strong>librarii,</strong></span> <span class='ocrx_word' id='word_1_177' title='bbox 657 3880 708 3959; x_wconf 89' lang='lat' dir='ltr'><strong>qui</strong></span> <span class='ocrx_word' id='word_1_178' title='bbox 731 3881 901 3958; x_wconf 83' lang='lat' dir='ltr'><strong>antiquiore</strong></span> <span class='ocrx_word' id='word_1_179' title='bbox 923 3881 1106 3960; x_wconf 80' lang='lat' dir='ltr'><strong>exemplaria</strong></span> <span class='ocrx_word' id='word_1_180' title='bbox 1128 3880 1352 3956; x_wconf 83' lang='lat' dir='ltr'><strong>describebant,</strong></span> <span class='ocrx_word' id='word_1_181' title='bbox 1383 3879 1448 3941; x_wconf 87' lang='lat' dir='ltr'><strong>sine</strong></span> 
     </span>
     <span class='ocr_line' id='line_1_21' title="bbox 297 3982 1447 4062; baseline 0.002 -20"><span class='ocrx_word' id='word_1_182' title='bbox 297 3982 390 4043; x_wconf 89' lang='lat' dir='ltr'><strong>dubio</strong></span> <span class='ocrx_word' id='word_1_183' title='bbox 418 3984 496 4044; x_wconf 91' lang='lat' dir='ltr'><strong>bene</strong></span> <span class='ocrx_word' id='word_1_184' title='bbox 524 3994 633 4044; x_wconf 90' lang='lat' dir='ltr'><strong>norant</strong></span> <span class='ocrx_word' id='word_1_185' title='bbox 660 4003 695 4044; x_wconf 90' lang='lat' dir='ltr'><strong>ac</strong></span> <span class='ocrx_word' id='word_1_186' title='bbox 717 3985 894 4062; x_wconf 90' lang='lat' dir='ltr'><strong>plerumque</strong></span> <span class='ocrx_word' id='word_1_187' title='bbox 916 3991 1000 4046; x_wconf 89' lang='lat' dir='ltr'><strong>reete</strong></span> <span class='ocrx_word' id='word_1_188' title='bbox 1021 3983 1235 4058; x_wconf 88' lang='lat' dir='ltr'><strong>reddiderunt;</strong></span> <span class='ocrx_word' id='word_1_189' title='bbox 1270 3983 1325 4044; x_wconf 87' lang='lat' dir='ltr'><strong>ssd</strong></span> <span class='ocrx_word' id='word_1_190' title='bbox 1347 3991 1447 4044; x_wconf 82' lang='lat' dir='ltr'><strong>tamen</strong></span> 
     </span>
     <span class='ocr_line' id='line_1_22' title="bbox 297 4085 1447 4166; baseline 0 -20"><span class='ocrx_word' id='word_1_191' title='bbox 297 4107 357 4146; x_wconf 90' lang='lat' dir='ltr'><strong>non</strong></span> <span class='ocrx_word' id='word_1_192' title='bbox 386 4086 492 4166; x_wconf 90' lang='lat' dir='ltr'><strong>paucis</strong></span> <span class='ocrx_word' id='word_1_193' title='bbox 514 4087 590 4148; x_wconf 87' lang='lat' dir='ltr'><strong>locis</strong></span> <span class='ocrx_word' id='word_1_194' title='bbox 613 4088 766 4148; x_wconf 87' lang='lat' dir='ltr'><strong>erroribus</strong></span> <span class='ocrx_word' id='word_1_195' title='bbox 789 4107 894 4148; x_wconf 85' lang='lat' dir='ltr'><strong>ensem</strong></span> <span class='ocrx_word' id='word_1_196' title='bbox 917 4087 1075 4162; x_wconf 88' lang='lat' dir='ltr'><strong>dederunt,</strong></span> <span class='ocrx_word' id='word_1_197' title='bbox 1109 4087 1175 4147; x_wconf 89' lang='lat' dir='ltr'><strong>siue</strong></span> <span class='ocrx_word' id='word_1_198' title='bbox 1197 4087 1228 4148; x_wconf 91' lang='lat' dir='ltr'><strong>bi</strong></span> <span class='ocrx_word' id='word_1_199' title='bbox 1249 4107 1370 4148; x_wconf 80' lang='lat' dir='ltr'><strong>errores</strong></span> <span class='ocrx_word' id='word_1_200' title='bbox 1391 4085 1447 4147; x_wconf 92' lang='lat' dir='ltr'><strong>soli</strong></span> 
     </span>
     <span class='ocr_line' id='line_1_23' title="bbox 296 4189 1519 4268; baseline 0.002 -19"><span class='ocrx_word' id='word_1_201' title='bbox 296 4189 486 4251; x_wconf 83' lang='lat' dir='ltr'><strong>librariorum</strong></span> <span class='ocrx_word' id='word_1_202' title='bbox 524 4191 658 4251; x_wconf 82' lang='lat' dir='ltr'><strong>incuriae</strong></span> <span class='ocrx_word' id='word_1_203' title='bbox 698 4191 848 4252; x_wconf 88' lang='lat' dir='ltr'><strong>debentur</strong></span> <span class='ocrx_word' id='word_1_204' title='bbox 880 4192 946 4251; x_wconf 83' lang='lat' dir='ltr'><strong>sine</strong></span> <span class='ocrx_word' id='word_1_205' title='bbox 979 4191 1047 4251; x_wconf 81' lang='lat' dir='ltr'><strong>aliis</strong></span> <span class='ocrx_word' id='word_1_206' title='bbox 1080 4211 1199 4268; x_wconf 88' lang='lat' dir='ltr'><strong>quoque</strong></span> <span class='ocrx_word' id='word_1_207' title='bbox 1232 4190 1448 4252; x_wconf 88' lang='lat' dir='ltr'><strong>accedentibus</strong></span> <span class='ocrx_word' id='word_1_208' title='bbox 1515 4231 1519 4238; x_wconf 86' lang='lat'><em>-</em></span> 
     </span>
     <span class='ocr_line' id='line_1_24' title="bbox 298 4293 634 4374; baseline -0.006 -20"><span class='ocrx_word' id='word_1_209' title='bbox 298 4293 399 4354; x_wconf 79' lang='lat' dir='ltr'><strong>causis</strong></span> <span class='ocrx_word' id='word_1_210' title='bbox 420 4301 634 4374; x_wconf 89' lang='lat' dir='ltr'><strong>prouenerunt.</strong></span> 
     </span>
    </p>

    <p class='ocr_par' dir='ltr' id='par_1_5' title="bbox 296 4397 1450 4793">
     <span class='ocr_line' id='line_1_25' title="bbox 383 4397 1448 4476; baseline -0.004 -18"><span class='ocrx_word' id='word_1_211' title='bbox 383 4397 516 4458; x_wconf 85' lang='lat' dir='ltr'><strong>Primum</strong></span> <span class='ocrx_word' id='word_1_212' title='bbox 539 4397 617 4459; x_wconf 89' lang='lat' dir='ltr'><strong>enim</strong></span> <span class='ocrx_word' id='word_1_213' title='bbox 639 4397 696 4458; x_wconf 90' lang='lat' dir='ltr'><strong>hoo</strong></span> <span class='ocrx_word' id='word_1_214' title='bbox 714 4397 836 4476; x_wconf 81' lang='lat' dir='ltr'><strong>saepius</strong></span> <span class='ocrx_word' id='word_1_215' title='bbox 853 4397 967 4458; x_wconf 84' lang='lat' dir='ltr'><strong>facturn</strong></span> <span class='ocrx_word' id='word_1_216' title='bbox 985 4404 1042 4470; x_wconf 89' lang='lat' dir='ltr'><strong>est,</strong></span> <span class='ocrx_word' id='word_1_217' title='bbox 1065 4405 1100 4458; x_wconf 91' lang='lat' dir='ltr'><strong>ut</strong></span> <span class='ocrx_word' id='word_1_218' title='bbox 1115 4405 1178 4457; x_wconf 86' lang='lat' dir='ltr'><strong>tota</strong></span> <span class='ocrx_word' id='word_1_219' title='bbox 1194 4397 1448 4457; x_wconf 72' lang='lat' dir='ltr'><strong>terminationem</strong></span> 
     </span>
     <span class='ocr_line' id='line_1_26' title="bbox 298 4499 1449 4579; baseline 0 -19"><span class='ocrx_word' id='word_1_220' title='bbox 298 4502 486 4562; x_wconf 87' lang='lat' dir='ltr'><strong>omitteretur</strong></span> <span class='ocrx_word' id='word_1_221' title='bbox 519 4511 573 4562; x_wconf 90' lang='lat' dir='ltr'><strong>aut</strong></span> <span class='ocrx_word' id='word_1_222' title='bbox 604 4501 707 4561; x_wconf 82' lang='lat' dir='ltr'><strong>littera</strong></span> <span class='ocrx_word' id='word_1_223' title='bbox 741 4501 806 4560; x_wconf 87' lang='lat' dir='ltr'><strong>sola</strong></span> <span class='ocrx_word' id='word_1_224' title='bbox 833 4519 850 4559; x_wconf 85' lang='lat' dir='ltr'><strong>r</strong></span> <span class='ocrx_word' id='word_1_225' title='bbox 877 4501 1065 4562; x_wconf 82' lang='lat' dir='ltr'><strong>retineretur.</strong></span> <span class='ocrx_word' id='word_1_226' title='bbox 1121 4499 1221 4562; x_wconf 87' lang='lat' dir='ltr'><strong>Huius</strong></span> <span class='ocrx_word' id='word_1_227' title='bbox 1248 4500 1369 4579; x_wconf 79' lang='lat' dir='ltr'><strong>generis</strong></span> <span class='ocrx_word' id='word_1_228' title='bbox 1396 4520 1449 4560; x_wconf 85' lang='lat' dir='ltr'><strong>ex·</strong></span> 
     </span>
     <span class='ocr_line' id='line_1_27' title="bbox 298 4601 1450 4684; baseline -0.002 -20"><span class='ocrx_word' id='word_1_229' title='bbox 298 4605 406 4684; x_wconf 89' lang='lat' dir='ltr'><strong>empla,</strong></span> <span class='ocrx_word' id='word_1_230' title='bbox 441 4625 518 4682; x_wconf 87' lang='lat' dir='ltr'><strong>quae</strong></span> <span class='ocrx_word' id='word_1_231' title='bbox 546 4603 736 4666; x_wconf 78' lang='lat' dir='ltr'><strong>librariorum</strong></span> <span class='ocrx_word' id='word_1_232' title='bbox 765 4603 897 4664; x_wconf 87' lang='lat' dir='ltr'><strong>incuriae</strong></span> <span class='ocrx_word' id='word_1_233' title='bbox 925 4601 1085 4665; x_wconf 70' lang='lat' dir='ltr'><strong>manifesto</strong></span> <span class='ocrx_word' id='word_1_234' title='bbox 1113 4603 1275 4664; x_wconf 89' lang='lat' dir='ltr'><strong>tribuenda</strong></span> <span class='ocrx_word' id='word_1_235' title='bbox 1302 4611 1384 4678; x_wconf 86' lang='lat' dir='ltr'><strong>sunt,</strong></span> <span class='ocrx_word' id='word_1_236' title='bbox 1418 4603 1450 4662; x_wconf 92' lang='lat' dir='ltr'><strong>in</strong></span> 
     </span>
     <span class='ocr_line' id='line_1_28' title="bbox 296 4701 1450 4793; baseline -0.001 -26"><span class='ocrx_word' id='word_1_237' title='bbox 296 4706 354 4767; x_wconf 88' lang='lat' dir='ltr'><strong>hac</strong></span> <span class='ocrx_word' id='word_1_238' title='bbox 376 4705 511 4768; x_wconf 86' lang='lat' dir='ltr'><strong>Senecae</strong></span> <span class='ocrx_word' id='word_1_239' title='bbox 533 4707 730 4786; x_wconf 79' lang='lat' dir='ltr'><strong>Dialogorum</strong></span> <span class='ocrx_word' id='word_1_240' title='bbox 753 4706 885 4769; x_wconf 89' lang='lat' dir='ltr'><strong>editione</strong></span> <span class='ocrx_word' id='word_1_241' title='bbox 906 4706 1098 4788; x_wconf 88' lang='lat' dir='ltr'><strong>reperiuntur</strong></span> <span class='ocrx_word' id='word_1_242' title='bbox 1119 4727 1149 4786; x_wconf 91' lang='lat' dir='ltr'><strong>p.</strong></span> <span class='ocrx_word' id='word_1_243' title='bbox 1170 4708 1246 4793; x_wconf 86' lang='grc'><strong>179,</strong></span> <span class='ocrx_word' id='word_1_244' title='bbox 1272 4709 1286 4767; x_wconf 94' lang='grc'><strong>1</strong></span> <span class='ocrx_word' id='word_1_245' title='bbox 1312 4701 1450 4783; x_wconf 65' lang='lat' dir='ltr'><strong>(pauen-</strong></span> 
     </span>
    </p>
   </div>
   <div class='ocr_carea' id='block_1_4' title="bbox 0 0 1624 5258">
    <p class='ocr_par' dir='ltr' id='par_1_6' title="bbox 0 0 1624 5258">
     <span class='ocr_line' id='line_1_29' title="bbox 0 0 1624 5258; baseline 0 0"><span class='ocrx_word' id='word_1_246' title='bbox 0 0 1624 5258; x_wconf 95' lang='lat' dir='ltr'><strong> </strong></span> 
     </span>
    </p>
   </div>
  </div>
 </body>
</html>
