3176 5248
420 365 463 407 aa
484 367 625 409 aeroma
648 368 689 408 as
710 367 949 429 cossocarrous,
976 371 1090 412 11—1u.
1269 347 1331 414 167

173 527 431 595 cumluceutem
459 529 631 596 fortunam
662 555 765 598 exosa
793 531 925 598 defodit
952 555 989 598 se
1012 540 1048 599 et
1069 535 1213 600 abdidit.
1258 535 1330 601 Ad·

171 635 371 703 sidentibus
404 639 536 724 liberis,
575 641 758 728 nepotibus
791 641 970 728 lugubrem
1002 649 1134 709 uestem
1167 666 1237 709 non
1271 646 1330 711 de·

170 745 304 830 posuit,
325 768 396 813 uon
418 748 491 814 sine
514 749 720 816 contumelia
743 750 892 816 omnium
914 771 1060 838 suorum,
1084 751 1207 837 quibus
1227 752 1329 818 saluis

172 853 264 920 orba
286 855 352 920 sibi
373 856 565 925 uidebatur.
1116 867 1118 872 ’

141 991 156 1029 a
264 963 329 1030 m.
373 965 473 1032 Liuia
494 966 655 1034 amiserat
671 965 778 1032 filium
794 966 802 1052 ss
819 965 977 1053 Drusum,
1000 989 1161 1056 magnum
1177 967 1363 1036 futuruml

171 1071 382 1159 principem,
415 1075 484 1140 iam
511 1098 672 1163 magnum
695 1076 837 1142 ducem:
870 1076 1059 1143 intrauerat
1080 1078 1217 1164 penitus
1235 1079 1325 1146 'Ger-
1344 1065 1394 1122 fol.
1411 1069 1467 1122 4⁰¹·

171 1182 325 1248 maniam
359 1183 471 1248 stibi
500 1184 596 1272 signa
618 1185 773 1251 Romana
799 1183 935 1270 fixerat,
968 1179 1031 1252 ubi
1056 1187 1114 1252 uix
1141 1187 1229 1254 ullos
1253 1211 1328 1255 esse

171 1291 351 1358 Romanos
383 1299 504 1358 notum
537 1299 619 1360 erat.
686 1293 728 1358 Iu
763 1293 980 1380 expeditione
1015 1295 1211 1364 decesserat
1243 1297 1327 1385 ipsis

172 1399 272 1466 illum
302 1399 459 1467 hostibus
493 1423 637 1489 aegrum-
668 1424 744 1468 oum
777 1403 998 1470 ueneratione
1029 1410 1064 1470 et
1092 1427 1178 1492 pace
1210 1411 1329 1472 mutua

130 1533 159 1571 ιο
174 1510 464 1595 prosequentibus
485 1533 552 1576 uec
575 1517 709 1598 optare,
744 1511 836 1596 quod
858 1512 1079 1598 expediebat,
1113 1513 1326 1595 audentibus.

173 1616 377 1684 Accedebat
410 1619 454 1684 ad
485 1618 575 1686 hanc
608 1625 768 1704 mortem,
802 1642 904 1706 quam
936 1620 994 1687 ille
1027 1643 1089 1708 pro
1122 1644 1160 1687 re
1189 1622 1328 1709 publica

176 1726 323 1812 obierat,
356 1727 480 1815 iugens
496 1729 635 1794 'ciuium
662 1728 982 1816 prouinciarumque
1011 1736 1048 1795 et
1073 1731 1180 1796 totius
1204 1730 1326 1797 Italiae

176 1834 395 1922 desiderium,
430 1859 492 1924 per
520 1859 622 1924 quam
651 1837 766 1904 effusis
794 1839 831 1903 iu
860 1835 1012 1904 officium
1037 1837 1182 1926 lugubre
1215 1839 1326 1905 muni·

176 1945 271 2031 cipiis
310 1945 522 2033 coloniisque
559 1969 668 2032 usque
706 1947 742 2011 in
779 1946 900 2012 urbem
939 1947 1079 2014 ductum
1116 1954 1190 2014 erat
1221 1946 1325 2014 fimus

130 2077 159 2115 a
175 2051 344 2141 triumpho
384 2053 600 2120 simillimum.
666 2053 744 2120 Nou
781 2054 924 2121 licuerat
961 2056 1063 2122 matri
1102 2056 1219 2122 ultima
1261 2055 1359 2128 filiis

177 2163 291 2229 oscula
317 2169 521 2250 gratumque
550 2164 693 2229 extremi
720 2185 911 2230 sermonem
941 2165 1008 2230 oris
1033 2163 1183 2231 haurire:
1218 2165 1323 2252 longo

175 2271 295 2338 itinere
317 2271 480 2358 reliquias
502 2272 606 2338 Drusi
629 2271 683 2338 sui
703 2279 900 2358 prosecuta,
934 2279 987 2339 tot
1012 2295 1076 2359 per
1097 2294 1232 2339 omnem
1253 2273 1323 2339 Ita-

175 2380 252 2446 liam
280 2380 480 2464 ardentibus
507 2380 610 2468 rogis,
644 2381 741 2467 quasi
762 2381 890 2448 totiens
912 2381 1007 2449 illam
1029 2381 1210 2466 amitteret,
1242 2382 1323 2448 iuri·

175 2495 254 2574 tata,
286 2495 326 2556 ut
352 2489 498 2576 primum
525 2496 641 2555 tamen
667 2489 783 2555 intulit
809 2490 949 2576 tumulo,
983 2491 1096 2574 simul,
1110 2495 1145 2556 et
1171 2489 1266 2556 illum
1290 2496 1325 2558 et

134 2621 161 2659 a
174 2597 326 2664 dolorem
348 2621 445 2664 auum
466 2598 590 2685 posuit,
613 2621 677 2664 neo
698 2598 775 2686 plus
799 2599 916 2685 doluit,
941 2621 1042 2686 quam
1064 2605 1123 2666 aut
1141 2598 1324 2666 honestum

174 2714 247 2773 erat
268 2707 414 2774 Caesare
448 2713 508 2772 aut
540 2729 685 2793 aequom
713 2690 817 2774 'utero
849 2707 918 2792 filio
952 2709 1055 2775 salua.
1111 2707 1188 2773 Nou
1221 2694 1324 2774 desiit

174 2815 320 2902 denique
352 2815 456 2882 Drusi
495 2815 547 2882 sui
580 2815 753 2882 celebrare
785 2837 926 2901 nomeu,
970 2816 1098 2903 ubique
1130 2816 1225 2883 illum
1257 2817 1324 2883 sibi

171 2925 332 3012 priuatim
369 2924 567 3012 publiceque
607 2931 880 3012 repraesentare,
924 2925 1147 2991 libentissime
1188 2926 1230 2990 de
1262 2924 1321 2990 illo

171 3033 273 3120 loqui,
297 3032 340 3098 de
362 3031 421 3098 illo
445 3031 577 3102 audire:
602 3055 680 3100 cum
700 3024 969 3100 memorial-llius
987 3034 1071 3100 uixit
1076 3057 1088 3116 ,·
1111 3055 1205 3116 qaam
1220 3055 1321 3100 nemo

171 3244 187 3298 7
213 3244 298 3314 signa
315 3243 450 3300 Romana
471 3243 578 3302 fixerat
595 3245 738 3314 Marcam
765 3245 882 3316 signum
899 3243 1025 3300 Romani
1047 3243 1176 3300 fixerunt
1197 3244 1220 3302 Α

172 3330 204 3385 10
221 3329 441 3400 prosequentib;
467 3330 505 3388 Αι
525 3331 647 3399 (praeter
664 3330 707 3398 ib;
732 3332 765 3386 ia
781 3332 852 3396 ras.)
956 3329 988 3384 11
1015 3345 1076 3401 pro.
1093 3329 1129 3386 R.
1147 3329 1179 3386 P.
1197 3330 1220 3388 Α

171 3416 204 3470 12
229 3413 422 3486 puinciaqus
447 3416 530 3484 (erar.
548 3415 597 3483 ue)
621 3415 657 3473 l⁶
764 3416 797 3472 13
823 3417 947 3487 lugubre
964 3415 1100 3487 unicipiis
1118 3415 1170 3484 l²;
1197 3415 1321 3487 lugubre

169 3511 323 3622 ¹'unicipiis
332 3551 370 3609 A·
389 3552 427 3620 (l)
497 3553 530 3608 15
547 3553 652 3609 ultima
669 3549 688 3610 F
706 3559 732 3609 et
748 3553 801 3608 alii
816 3551 838 3611 D
856 3560 888 3608 at
904 3568 949 3622 aa.
964 3553 1190 3622 postumatum
1208 3552 1320 3608 atinam

168 3637 205 3695 l⁵
225 3639 257 3706 (u
274 3641 305 3692 ia
321 3653 379 3694 raa.
397 3641 418 3694 2
434 3639 498 3707 liu)
599 3640 631 3694 16
648 3643 735 3709 gratu
753 3655 772 3709 q
777 3656 804 3706 ς*
821 3637 945 3696 extremi
962 3638 985 3696 l
1001 3639 1085 3707 (erae.
1104 3637 1167 3708 ue);
1185 3637 1320 3709 gratique

169 3729 332 3780 extremum
354 3723 515 3794 Weseadera
538 3724 601 3793 (cfr.
625 3725 705 3790 infra
730 3724 812 3793 adp.
831 3727 892 3793 180,
910 3723 972 3794 23)‚·
999 3723 1047 3779 aad
1072 3724 1129 3780 aid.
1151 3723 1230 3780 Ouid.
1249 3725 1320 3780 trica

170 3807 227 3876 m,
244 3810 271 3874 3,
287 3809 330 3865 87.
436 3811 469 3865 18
494 3809 579 3866 illum
597 3809 615 3868 F
632 3817 739 3880 aum
756 3809 878 3867 illaml
980 3811 1014 3864 21
1042 3815 1106 3865 erat
1125 3808 1250 3865 Caesare
1269 3813 1321 3863 aut

134 3957 136 3962 ⁸
168 3913 291 3965 aequom
313 3895 407 3951 altero
431 3895 492 3951 fllio
510 3897 593 3952 saluo
616 3897 725 3965 scripsi,
752 3897 808 3951 aad
828 3895 906 3951 Stoa
925 3896 984 3951 crit.
1002 3912 1029 3964 p.
1048 3897 1111 3964 1053
1139 3901 1203 3951 erat
1220 3913 1320 3967 cesare

168 3987 221 4035 aut
238 3998 313 4053 equo
331 3981 428 4036 maluo
447 3981 492 4050 l(;
506 3990 622 4052 propter
636 3979 773 4036 Roaiam
789 3984 890 4036 iterare
907 3997 994 4050 coqor,
1014 3980 1169 4037 Gaesarem
1185 3981 1210 4037 la
1229 3981 1246 4036 1.
1264 3980 1321 4035 nisi

168 4067 324 4136 Aupastum
341 4082 399 4122 cese
416 4083 472 4122 aon
481 4083 579 4136 possm
597 4083 645 4122 aec
658 4066 728 4121 enim
737 4065 851 4122 Drusus
861 4065 994 4122 Claudias
1006 4083 1136 4135 amquam
1151 4084 1170 4122 a
1184 4081 1321 4138 quaquam

170 4167 273 4224 Caesar
290 4170 445 4240 appellata
463 4169 522 4237 cst.)
617 4170 652 4225 22
669 4168 772 4240 ubiqp·
797 4169 833 4226 Α6
929 4169 964 4224 23
981 4153 1093 4240 priuati
1107 4165 1178 4238 A⁵F3
1200 4169 1319 4240 priuata

167 4252 204 4309 ΑΙ
223 4259 255 4308 at
272 4253 328 4308 aid.
430 4253 623 4325 pupliceq3b
716 4255 752 4310 24
768 4254 909 4312 memoria
926 4253 1005 4308 illius
1022 4252 1110 4308 uixit:
1130 4272 1217 4324 quam
1234 4273 1319 4312 nemo

167 4340 277 4406 Haase;
303 4339 443 4396 memoria
457 4339 462 4406 Ι
477 4339 534 4395 lius
556 4339 608 4395 uix
625 4360 710 4396 nemo
728 4339 762 4410 A,
789 4339 1006 4396 memorialibus
1025 4339 1075 4394 uix
1093 4358 1177 4395 nemo
1196 4337 1222 4408 F,
1249 4341 1320 4410 meod

167 4424 263 4481 ceteris
276 4427 429 4494 conlaturas
444 4425 575 4482 monstris
589 4427 665 4494 apud
675 4427 831 4482 Μενίππη
845 4427 974 4480 addatur.
993 4424 1072 4493 (cum
1086 4425 1226 4482 memoria
1239 4425 1318 4480 illius

166 4509 256 4578 uixit3
274 4511 445 4566 memoriam
463 4517 563 4568 autem
580 4525 665 4567 nemo
684 4513 848 4580 umbrarum
862 4511 940 4566 stad.
955 4513 1015 4566 crit
1027 4527 1058 4579 p.
1068 4514 1111 4580 40,
1129 4514 1244 4580 imaque
1260 4513 1318 4577 fere

167 4595 297 4664 Madaia,
323 4597 396 4665 quod
416 4597 478 4654 ideo
495 4597 662 4652 Haasiaaac
683 4596 837 4665 aarum
857 4596 1048 4665 praetulimus,
1074 4596 1142 4666 qaia
1163 4598 1204 4650 sic
1226 4597 1319 4651 maadi

167 4682 301 4751 ariam
324 4679 438 4748 focatius
464 4683 599 4752 applicari
618 4697 700 4752 posse
720 4683 854 4752 rebamur,
880 4698 937 4738 aaa
959 4681 1031 4751 qaod
1054 4681 1225 4752 duculum
1245 4681 1317 4738 hanc
