3176 5248
324 394 389 460 210
514 463 515 468 ,
553 419 580 457 u.
604 418 721 458 lesum
744 417 880 458 senecen
903 417 1101 458 urlnoooevu
1124 417 1185 456 ure.
1207 415 1249 454 vr.

290 582 462 648 tooimus
491 603 606 646 omnes
635 582 671 645 in
699 603 805 644 unum
832 580 1053 665 uidemusque
1080 601 1150 645 non
1182 580 1251 646 elta
1278 585 1380 644 nocte
1414 579 1487 643 cir-

325 693 473 757 cumdati
496 690 545 754 nil
566 689 657 775 apud
679 711 757 773 uos,
791 696 830 752 ut
851 691 993 775 putetis,
1028 689 1194 776 optabile,
1223 689 1271 754 nil
1295 688 1488 768 excelsum,

323 801 371 866 nil
394 799 624 887 splendidum,
659 797 720 864 sed
748 795 886 862 humilia
915 805 1039 864 cuncte
1062 807 1097 864 et
1118 799 1237 884 grauia
1260 805 1296 863 et
1318 798 1424 862 anxia
1450 805 1488 862 et

324 917 464 994 quotam
485 915 618 993 partem
635 907 771 972 luminis
787 908 897 972 nostri
914 909 1113 974 cernentia?
1146 907 1238 985 Quid
1254 907 1367 971 dicam
1384 906 1488 971 nulla

323 1019 379 1084 hic
408 1039 501 1083 erma
527 1015 652 1080 mutuis
680 1013 793 1080 furere
824 1016 1043 1081 concursibus
1074 1039 1138 1082 neo
1161 1016 1286 1082 classes
1309 1015 1512 1082 classibuss

322 1125 437 1212 frangi
458 1147 523 1191 nec
545 1122 728 1211 parricidia
750 1129 809 1188 aut
831 1123 915 1210 fingi
938 1133 998 1190 eut
1020 1125 1164 1211 cogitari
1186 1147 1251 1190 neo
1267 1123 1344 1190 fora
1360 1125 1488 1188 litibus

325 1242 477 1321 strepere
500 1233 573 1298 dies
595 1239 789 1318 perpetuos,
815 1232 900 1298 nihil
922 1234 957 1298 in
980 1234 1141 1318 obscuro,
1165 1233 1320 1298 detectas
1342 1241 1486 1298 mentes

324 1350 360 1408 et
393 1348 511 1428 aperta
543 1341 743 1428 praecordia
776 1347 811 1406 et
842 1341 878 1405 in
911 1341 1048 1427 publico
1086 1341 1266 1427 medioque
1298 1341 1411 1405 uitam
1450 1347 1487 1403 et

289 1451 434 1517 oomnis
457 1450 533 1515 eeui
554 1457 773 1536 prospectum
795 1450 1098 1535 uenientiumque?
1130 1450 1277 1516 quebat
1298 1450 1403 1514 unius
1428 1471 1485 1514 me

324 1559 451 1626 saeculi
478 1557 570 1624 fecta
598 1580 802 1644 componere
831 1558 867 1622 in
894 1565 992 1644 parte
1019 1559 1154 1624 minime
1180 1557 1297 1623 mundi
1325 1565 1362 1623 et
1387 1558 1485 1622 inter
1498 1582 1521 1618 ιο

323 1667 547 1755 paucissimos
581 1673 694 1752 gesta:
728 1673 781 1731 tot
808 1667 961 1752 succide,
995 1674 1048 1732 tot
1081 1667 1243 1732 aetatium
1277 1673 1485 1732 contextum

325 1776 486 1861 [seriem],
520 1774 682 1860 quicquid
711 1797 876 1840 ennomm
904 1783 972 1860 eet,
1006 1777 1081 1858 (tic)
1111 1775 1193 1841 licet
1225 1777 1353 1860 uisere,
1395 1775 1484 1839 licet

323 1891 531 1968 surrectura,
564 1883 646 1948 licet
677 1883 807 1948 nutura
840 1905 947 1970 regne
979 1885 1175 1971 prospicere
1209 1891 1245 1949 et
1276 1905 1484 1970 magnarum

290 1995 457 2059 turbium
478 1993 593 2079 lapsus
617 1999 652 2057 et
673 1991 775 2057 maris
798 2013 907 2056 nouos
930 2015 1056 2059 cursus.
1102 1994 1188 2059 Nam
1216 1992 1245 2056 si
1274 1991 1337 2056 tibi
1361 2001 1482 2078 potest

325 2103 451 2168 solacio
482 2125 556 2166 esse
585 2099 732 2166 desideri
760 2099 811 2164 tui
839 2122 1016 2166 commune
1044 2101 1168 2187 latum,
1202 2100 1287 2166 nihil
1316 2122 1385 2185 quo
1412 2105 1518 2165 state

202 2215 206 2224 '
324 2210 400 2276 loco
437 2209 557 2292 stabit,
598 2209 712 2274 omnia
744 2215 875 2274 sternet
907 2209 1122 2296 abducetque
1156 2231 1272 2276 secum
1304 2215 1480 2290 uetustam

324 2341 389 2384 neo
411 2317 605 2384 hominibus
635 2317 744 2382 solum
775 2318 893 2402 (quote
916 2318 1005 2383 enim
1027 2319 1093 2385 ista
1115 2318 1276 2385 fortuitae
1297 2319 1480 2404 potentiae

324 2427 436 2514 portio
461 2427 560 2509 estl),
583 2425 645 2490 sed
665 2424 760 2509 locis,
783 2425 845 2490 sed
867 2426 1073 2512 regionibus,
1098 2426 1298 2493 eadmundi
1320 2427 1481 2514 pertibus
1583 2467 1584 2480 2

325 2535 429 2601 ludet.
485 2531 592 2600 Totos
626 2534 810 2620 supprimet
841 2542 975 2601 montes
1009 2543 1045 2601 et
1072 2535 1153 2602 alibi
1180 2559 1282 2622 rupes
1309 2536 1345 2600 in
1376 2536 1481 2602 altum
1583 2539 1584 2576 l

323 2666 431 2710 nouas
455 2643 635 2730 exprimet3
668 2643 775 2708 merie
796 2643 963 2728 sorbebit,
993 2643 1133 2710 flumina
1163 2652 1296 2711 auertet
1326 2649 1363 2709 et
1386 2667 1480 2712 com-
1494 2673 1517 2708 ιο

324 2753 451 2818 mercio
469 2751 623 2839 gentium
639 2758 740 2837 rupto
759 2753 957 2818 societatem
975 2755 1110 2838 generis
1121 2752 1260 2819 hnmani
1273 2759 1480 2840 coetumque

325 2859 506 2944 dissoluet3
537 2860 618 2925 alibi
639 2859 789 2925 hiatibus
812 2861 918 2926 uastis
942 2860 1111 2927 subducet
1132 2863 1249 2947 urbes,
1272 2863 1482 2928 tremoribus

325 2970 454 3054 quatiet
483 2975 518 3033 et
546 2991 587 3033 ex
613 2967 730 3033 infimo
760 2969 976 3054 pestilentiae
999 2970 1121 3036 balitus
1144 2971 1254 3037 mittet
1276 2977 1312 3035 et
1332 2971 1481 3036 inunda-

326 3199 340 3250 ·1
368 3195 500 3252 uidemus
524 3213 581 3265 que
605 3198 657 3261 A.¹;
683 3195 863 3264 uidemusqpr
888 3197 925 3254 l⁶
1031 3199 1049 3252 2
1074 3203 1147 3268 aput
1169 3198 1215 3264 ΑΙ,
1242 3215 1311 3254 corr.
1335 3199 1373 3256 l¹

325 3281 472 3352 optabile*
498 3284 582 3349 (erae
601 3281 680 3350 mid
785 3284 817 3336 10
834 3282 954 3338 minima
973 3284 1103 3354 Maduip;
1121 3285 1225 3340 ultima
1242 3282 1291 3352 AF,
1309 3286 1385 3353 pora
1402 3285 1483 3342 Koot

323 3385 422 3436 param
442 3375 504 3436 apte
521 3369 651 3434 descedit
724 3369 755 3421 ll
773 3374 944 3423 contextum
962 3364 1087 3440 [seriem]
1104 3369 1210 3438 Haase,
1226 3370 1342 3439 itemque
1361 3371 1483 3440 Maduip

325 3461 375 3509 aut
393 3453 497 3508 seriem
515 3461 548 3508 at
563 3455 833 3520 interpretamentum
851 3455 1025 3509 enatandum
1042 3461 1092 3509 aut
1109 3461 1277 3511 contextam
1295 3456 1403 3512 seriem
1423 3473 1482 3512 cun

325 3536 645 3594 ductustrritendam
663 3545 762 3606 aaran
781 3545 951 3594 contextum
969 3539 1118 3608 seriemA3
1137 3546 1307 3597 contextum
1325 3549 1356 3597 et
1374 3543 1480 3599 seriem
1582 3525 1583 3556 r

325 3620 393 3680 fut
414 3641 457 3694 up.
563 3625 596 3677 12
621 3623 670 3678 hio
699 3623 798 3680 addidi
824 3641 842 3678 a
867 3623 1054 3694 Weemtrrpio
1076 3629 1209 3694 momnis,
1236 3627 1283 3696 qui
1303 3629 1393 3696 paruo
1418 3635 1482 3684 ane

324 3727 402 3764 nunc
428 3710 486 3776 (uel
508 3708 566 3774 hic)
593 3715 639 3763 tot
661 3711 779 3764 saecula
801 3711 972 3766 scribendum
995 3712 1126 3766 censebat.
1233 3713 1265 3766 15
1292 3712 1423 3770 desideri
1447 3715 1480 3782 l;

325 3795 461 3852 desiderii
485 3792 504 3851 F
524 3803 557 3851 ct
578 3811 623 3864 ap.
746 3797 778 3850 16
805 3802 875 3850 secu
901 3812 988 3864 sopra
1013 3812 1123 3852 uorem
1149 3797 1214 3852 add.
1235 3799 1300 3864 fort
1318 3800 1356 3857 A*

326 3883 358 3936 l'l
380 3887 471 3951 quote
486 3883 490 3947 Ι
505 3881 583 3936 enim
601 3880 652 3948 t¹3
679 3887 751 3950 quot
765 3885 771 3948 Ι
786 3882 864 3952 enim
881 3882 918 3939 Αι
938 3889 969 3937 ut
986 3883 1043 3936 uid.
1147 3882 1288 3940 fortuitae
1306 3884 1336 3950 l,
1363 3886 1480 3954 quodsi

326 3967 428 4022 Senem
445 3967 527 4034 dicit,
552 3983 654 4035 parum
671 3967 818 4035 ditipeater
835 3970 941 4022 locam
958 3974 1005 4034 est,
1032 3984 1094 4022 cam
1110 3970 1259 4026 umam
1271 3971 1401 4038 potentia
1421 3973 1478 4038 sor·

325 4057 397 4108 tuito
414 4056 510 4108 uocari
529 4055 577 4107 uic
594 4059 664 4108 recte
680 4054 776 4121 poerit,
794 4054 903 4121 tdecpm
921 4053 1044 4108 sortitae
1062 4053 1126 4108 otim
1143 4054 1400 4111 commestus.
1421 4057 1479 4113 crit.

322 4155 351 4207 p.
363 4140 415 4194 121
432 4155 485 4208 sa,-
505 4155 579 4194 auno
597 4146 687 4192 tornea
704 4138 776 4194 nitu
792 4147 897 4194 emtore
915 4142 1013 4206 auam,
1031 4141 1149 4194 maxime
1163 4149 1281 4209 propter
1298 4141 1389 4210 ludet,
1409 4143 1480 4212 qaod

325 4225 417 4279 eodem
434 4241 486 4293 quo
505 4223 646 4280 fumuitae
664 4231 789 4292 spectare
805 4226 931 4294 uidentu-
949 4226 1002 4291 cfr.
1021 4227 1104 4280 enam
1123 4225 1184 4282 Sat
1203 4225 1280 4282 me.
1295 4245 1325 4296 p.
1344 4231 1371 4296 7,
1388 4231 1406 4282 9
1425 4245 1478 4298 sqq.

395 4311 428 4366 19
446 4317 524 4366 totos
542 4310 657 4378 scripse
676 4315 739 4364 toto
757 4309 804 4376 A',
823 4311 872 4364 sed
889 4311 1005 4366 alterum
1022 4329 1039 4366 o
1057 4319 1155 4379 postea
1173 4329 1282 4368 aarum
1299 4321 1354 4382 κη
1373 4321 1421 4370 tot
1437 4331 1478 4382 ap.
1581 4319 1582 4350 ³

396 4397 559 4467 supprimet
576 4392 594 4451 F
612 4403 643 4451 ut
661 4411 716 4463 upa
735 4394 891 4464 supprimit
909 4395 930 4452 Α
999 4397 1029 4450 in
1047 4397 1140 4452 altum
1158 4398 1234 4466 item3
1253 4397 1376 4469 inaljum
1394 4401 1417 4458 A

325 4483 359 4536 21
387 4481 581 4553 cetumquelr
683 4483 718 4536 22
745 4479 886 4536 subducet
902 4482 954 4547 l¹;
982 4483 1146 4539 subducent
1164 4482 1199 4540 l¹
1305 4485 1341 4540 23
1358 4487 1477 4556 quatiet,

327 4573 358 4621 et
375 4585 412 4621 ex
429 4563 448 4623 F
466 4575 498 4621 ut
513 4583 571 4635 ap.;
590 4567 786 4636 quatitpetffex
803 4567 838 4624 t⁰
860 4569 886 4634 (t
903 4573 934 4622 et
950 4569 981 4622 tn
998 4569 1066 4636 ras.)
1152 4569 1320 4644 pestilentie
1339 4572 1361 4630 l
1379 4572 1477 4642 (pesti-

327 4651 417 4707 lentie
435 4649 478 4720 F);
496 4651 668 4721 pestilentes
686 4669 730 4722 cp.
748 4653 812 4708 inde
829 4671 848 4708 a
866 4654 981 4710 Murato.
1069 4654 1178 4712 halitus
1196 4656 1297 4712 mittet
1313 4674 1373 4727 spe
1392 4659 1477 4714 alitus

327 4736 420 4794 mittit
438 4737 471 4805 l;
490 4737 578 4794 alitus
596 4739 696 4796 mittet
714 4736 732 4796 F
