<?xml version="1.0" encoding="UTF-8"?>
<!DOCTYPE html PUBLIC "-//W3C//DTD XHTML 1.0 Transitional//EN"
    "http://www.w3.org/TR/xhtml1/DTD/xhtml1-transitional.dtd">
<html xmlns="http://www.w3.org/1999/xhtml" xml:lang="en" lang="en">
 <head>
  <title>
</title>
<meta http-equiv="Content-Type" content="text/html;charset=utf-8" />
  <meta name='ocr-system' content='tesseract 3.04.00' />
  <meta name='ocr-capabilities' content='ocr_page ocr_carea ocr_par ocr_line ocrx_word'/>
</head>
<body>
  <div class='ocr_page' id='page_1' title='image "./lannaeisenecaed00senegoog/lannaeisenecaed00senegoog_0321.png"; bbox 0 0 3182 5252; ppageno 0'>
   <div class='ocr_carea' id='block_1_1' title="bbox 296 388 1223 457">
    <p class='ocr_par' dir='ltr' id='par_1_1' title="bbox 296 388 1223 457">
     <span class='ocr_line' id='line_1_1' title="bbox 296 388 1223 457; baseline -0.002 -4"><span class='ocrx_word' id='word_1_1' title='bbox 296 388 360 453; x_wconf 77' lang='lat'><strong>276</strong></span> <span class='ocrx_word' id='word_1_2' title='bbox 425 399 442 422; x_wconf 73' lang='lat'><strong><em>‘</em></strong></span> <span class='ocrx_word' id='word_1_3' title='bbox 524 415 551 454; x_wconf 82' lang='lat' dir='ltr'><strong>n.</strong></span> <span class='ocrx_word' id='word_1_4' title='bbox 575 414 694 456; x_wconf 74' lang='lat' dir='ltr'><strong>aunem</strong></span> <span class='ocrx_word' id='word_1_5' title='bbox 715 413 852 456; x_wconf 77' lang='lat' dir='ltr'><strong>smnesn</strong></span> <span class='ocrx_word' id='word_1_6' title='bbox 873 413 1073 457; x_wconf 80' lang='lat' dir='ltr'><strong>nmnoooavu</strong></span> <span class='ocrx_word' id='word_1_7' title='bbox 1095 413 1156 454; x_wconf 83' lang='lat' dir='ltr'><strong>nm.</strong></span> <span class='ocrx_word' id='word_1_8' title='bbox 1179 412 1223 452; x_wconf 81' lang='lat' dir='ltr'><strong>rx.</strong></span> 
     </span>
    </p>
   </div>
   <div class='ocr_carea' id='block_1_2' title="bbox 261 685 1580 3159">
    <p class='ocr_par' dir='ltr' id='par_1_2' title="bbox 261 685 1580 3159">
     <span class='ocr_line' id='line_1_2' title="bbox 299 685 1448 774; baseline 0.001 -23"><span class='ocrx_word' id='word_1_9' title='bbox 299 685 378 771; x_wconf 86' lang='lat' dir='ltr'><strong>opia</strong></span> <span class='ocrx_word' id='word_1_10' title='bbox 388 709 500 752; x_wconf 90' lang='lat' dir='ltr'><strong>rerum</strong></span> <span class='ocrx_word' id='word_1_11' title='bbox 512 685 734 774; x_wconf 64' lang='lat' dir='ltr'><strong>agendarum</strong></span> <span class='ocrx_word' id='word_1_12' title='bbox 748 688 838 770; x_wconf 83' lang='lat' dir='ltr'><strong>(lum)</strong></span> <span class='ocrx_word' id='word_1_13' title='bbox 852 686 1053 774; x_wconf 78' lang='lat' dir='ltr'><strong>incipiemus</strong></span> <span class='ocrx_word' id='word_1_14' title='bbox 1064 685 1220 752; x_wconf 86' lang='lat' dir='ltr'><strong>aedificia</strong></span> <span class='ocrx_word' id='word_1_15' title='bbox 1231 686 1296 752; x_wconf 85' lang='lat' dir='ltr'><strong>alie</strong></span> <span class='ocrx_word' id='word_1_16' title='bbox 1306 709 1448 773; x_wconf 91' lang='lat' dir='ltr'><strong>ponere,</strong></span> 
     </span>
     <span class='ocr_line' id='line_1_3' title="bbox 301 794 1449 880; baseline 0 -21"><span class='ocrx_word' id='word_1_17' title='bbox 301 794 368 860; x_wconf 86' lang='lat' dir='ltr'><strong>alia</strong></span> <span class='ocrx_word' id='word_1_18' title='bbox 397 796 595 861; x_wconf 87' lang='lat' dir='ltr'><strong>subuertere</strong></span> <span class='ocrx_word' id='word_1_19' title='bbox 625 802 660 860; x_wconf 88' lang='lat' dir='ltr'><strong>ot</strong></span> <span class='ocrx_word' id='word_1_20' title='bbox 680 817 773 861; x_wconf 86' lang='lat' dir='ltr'><strong>mare</strong></span> <span class='ocrx_word' id='word_1_21' title='bbox 795 819 1008 864; x_wconf 86' lang='lat' dir='ltr'><strong>summouere</strong></span> <span class='ocrx_word' id='word_1_22' title='bbox 1031 803 1067 862; x_wconf 86' lang='lat' dir='ltr'><strong>et</strong></span> <span class='ocrx_word' id='word_1_23' title='bbox 1089 817 1193 880; x_wconf 85' lang='lat' dir='ltr'><strong>aquas</strong></span> <span class='ocrx_word' id='word_1_24' title='bbox 1216 803 1336 860; x_wconf 89' lang='lat' dir='ltr'><strong>contra</strong></span> <span class='ocrx_word' id='word_1_25' title='bbox 1358 795 1449 860; x_wconf 86' lang='lat' dir='ltr'><strong>diffi-</strong></span> 
     </span>
     <span class='ocr_line' id='line_1_4' title="bbox 298 902 1450 991; baseline 0.003 -23"><span class='ocrx_word' id='word_1_26' title='bbox 298 902 462 970; x_wconf 90' lang='lat' dir='ltr'><strong>cultatem</strong></span> <span class='ocrx_word' id='word_1_27' title='bbox 500 904 653 970; x_wconf 89' lang='lat' dir='ltr'><strong>locorum</strong></span> <span class='ocrx_word' id='word_1_28' title='bbox 692 904 836 970; x_wconf 78' lang='lat' dir='ltr'><strong>educere</strong></span> <span class='ocrx_word' id='word_1_29' title='bbox 878 912 913 972; x_wconf 90' lang='lat' dir='ltr'><strong>et</strong></span> <span class='ocrx_word' id='word_1_30' title='bbox 951 905 1039 972; x_wconf 88' lang='lat' dir='ltr'><strong>male</strong></span> <span class='ocrx_word' id='word_1_31' title='bbox 1073 903 1269 990; x_wconf 87' lang='lat' dir='ltr'><strong>dispensare</strong></span> <span class='ocrx_word' id='word_1_32' title='bbox 1301 911 1450 991; x_wconf 87' lang='lat' dir='ltr'><strong>tempus,</strong></span> 
     </span>
     <span class='ocr_line' id='line_1_5' title="bbox 261 1010 1580 1102; baseline 0.002 -28"><span class='ocrx_word' id='word_1_33' title='bbox 261 1010 390 1097; x_wconf 80' lang='lat' dir='ltr'><strong>equod</strong></span> <span class='ocrx_word' id='word_1_34' title='bbox 421 1012 521 1079; x_wconf 87' lang='lat' dir='ltr'><strong>nobis</strong></span> <span class='ocrx_word' id='word_1_35' title='bbox 554 1019 677 1078; x_wconf 84' lang='lat' dir='ltr'><strong>natura</strong></span> <span class='ocrx_word' id='word_1_36' title='bbox 710 1013 977 1079; x_wconf 89' lang='lat' dir='ltr'><strong>consumendum</strong></span> <span class='ocrx_word' id='word_1_37' title='bbox 1009 1013 1113 1080; x_wconf 90' lang='lat' dir='ltr'><strong>dedit.</strong></span> <span class='ocrx_word' id='word_1_38' title='bbox 1156 1013 1227 1078; x_wconf 88' lang='lat' dir='ltr'><strong>Alii</strong></span> <span class='ocrx_word' id='word_1_39' title='bbox 1255 1035 1359 1100; x_wconf 89' lang='lat' dir='ltr'><strong>parce</strong></span> <span class='ocrx_word' id='word_1_40' title='bbox 1389 1013 1475 1081; x_wconf 73' lang='lat' dir='ltr'><strong>illos</strong></span> <span class='ocrx_word' id='word_1_41' title='bbox 1579 1099 1580 1102; x_wconf 8' lang='grc' dir='ltr'><strong>Ἴ</strong></span> 
     </span>
     <span class='ocr_line' id='line_1_6' title="bbox 297 1120 1450 1208; baseline 0.004 -23"><span class='ocrx_word' id='word_1_42' title='bbox 297 1120 432 1206; x_wconf 88' lang='lat' dir='ltr'><strong>utimur,</strong></span> <span class='ocrx_word' id='word_1_43' title='bbox 467 1120 525 1186; x_wconf 83' lang='lat' dir='ltr'><strong>elii</strong></span> <span class='ocrx_word' id='word_1_44' title='bbox 547 1121 706 1208; x_wconf 85' lang='lat' dir='ltr'><strong>prodigo;</strong></span> <span class='ocrx_word' id='word_1_45' title='bbox 740 1121 799 1187; x_wconf 85' lang='lat' dir='ltr'><strong>elii</strong></span> <span class='ocrx_word' id='word_1_46' title='bbox 821 1122 870 1187; x_wconf 91' lang='lat' dir='ltr'><strong>sio</strong></span> <span class='ocrx_word' id='word_1_47' title='bbox 891 1121 1116 1208; x_wconf 81' lang='lat' dir='ltr'><strong>inpendimus,</strong></span> <span class='ocrx_word' id='word_1_48' title='bbox 1143 1128 1182 1186; x_wconf 92' lang='lat' dir='ltr'><strong>ut</strong></span> <span class='ocrx_word' id='word_1_49' title='bbox 1203 1122 1374 1207; x_wconf 89' lang='lat' dir='ltr'><strong>possimus</strong></span> <span class='ocrx_word' id='word_1_50' title='bbox 1397 1147 1450 1190; x_wconf 88' lang='lat' dir='ltr'><strong>ra-</strong></span> 
     </span>
     <span class='ocr_line' id='line_1_7' title="bbox 297 1227 1450 1315; baseline 0.003 -21"><span class='ocrx_word' id='word_1_51' title='bbox 297 1227 426 1295; x_wconf 87' lang='lat' dir='ltr'><strong>tionem</strong></span> <span class='ocrx_word' id='word_1_52' title='bbox 449 1228 605 1315; x_wconf 87' lang='lat' dir='ltr'><strong>reddere,</strong></span> <span class='ocrx_word' id='word_1_53' title='bbox 635 1229 701 1314; x_wconf 88' lang='lat' dir='ltr'><strong>alii,</strong></span> <span class='ocrx_word' id='word_1_54' title='bbox 729 1237 768 1295; x_wconf 87' lang='lat' dir='ltr'><strong>ut</strong></span> <span class='ocrx_word' id='word_1_55' title='bbox 787 1229 900 1296; x_wconf 87' lang='lat' dir='ltr'><strong>nullas</strong></span> <span class='ocrx_word' id='word_1_56' title='bbox 921 1229 1107 1297; x_wconf 78' lang='lat' dir='ltr'><strong>habeamus</strong></span> <span class='ocrx_word' id='word_1_57' title='bbox 1128 1229 1298 1315; x_wconf 89' lang='lat' dir='ltr'><strong>reliquias,</strong></span> <span class='ocrx_word' id='word_1_58' title='bbox 1320 1253 1392 1315; x_wconf 86' lang='lat' dir='ltr'><strong>qua</strong></span> <span class='ocrx_word' id='word_1_59' title='bbox 1413 1253 1450 1297; x_wconf 88' lang='lat' dir='ltr'><strong>re</strong></span> 
     </span>
     <span class='ocr_line' id='line_1_8' title="bbox 296 1336 1453 1426; baseline 0.002 -24"><span class='ocrx_word' id='word_1_60' title='bbox 296 1336 383 1402; x_wconf 91' lang='lat' dir='ltr'><strong>nihil</strong></span> <span class='ocrx_word' id='word_1_61' title='bbox 404 1337 536 1424; x_wconf 83' lang='lat' dir='ltr'><strong>turpius</strong></span> <span class='ocrx_word' id='word_1_62' title='bbox 561 1345 623 1404; x_wconf 73' lang='lat' dir='ltr'><strong>est,</strong></span> <span class='ocrx_word' id='word_1_63' title='bbox 679 1337 789 1425; x_wconf 86' lang='lat' dir='ltr'><strong>Saepe</strong></span> <span class='ocrx_word' id='word_1_64' title='bbox 811 1339 951 1426; x_wconf 84' lang='lat' dir='ltr'><strong>grandis</strong></span> <span class='ocrx_word' id='word_1_65' title='bbox 972 1346 1056 1405; x_wconf 88' lang='lat' dir='ltr'><strong>natu</strong></span> <span class='ocrx_word' id='word_1_66' title='bbox 1078 1361 1183 1405; x_wconf 84' lang='lat' dir='ltr'><strong>senex</strong></span> <span class='ocrx_word' id='word_1_67' title='bbox 1202 1337 1335 1404; x_wconf 90' lang='lat' dir='ltr'><strong>nullum</strong></span> <span class='ocrx_word' id='word_1_68' title='bbox 1357 1338 1453 1404; x_wconf 87' lang='lat' dir='ltr'><strong>aliud</strong></span> 
     </span>
     <span class='ocr_line' id='line_1_9' title="bbox 296 1444 1451 1535; baseline 0.002 -25"><span class='ocrx_word' id='word_1_69' title='bbox 296 1444 403 1511; x_wconf 89' lang='lat' dir='ltr'><strong>habet</strong></span> <span class='ocrx_word' id='word_1_70' title='bbox 436 1453 682 1532; x_wconf 74' lang='lat' dir='ltr'><strong>argumentum,</strong></span> <span class='ocrx_word' id='word_1_71' title='bbox 721 1469 788 1532; x_wconf 93' lang='lat' dir='ltr'><strong>quo</strong></span> <span class='ocrx_word' id='word_1_72' title='bbox 821 1469 857 1514; x_wconf 86' lang='lat' dir='ltr'><strong>se</strong></span> <span class='ocrx_word' id='word_1_73' title='bbox 891 1447 1016 1535; x_wconf 88' lang='lat' dir='ltr'><strong>probet</strong></span> <span class='ocrx_word' id='word_1_74' title='bbox 1047 1448 1106 1513; x_wconf 92' lang='lat' dir='ltr'><strong>diu</strong></span> <span class='ocrx_word' id='word_1_75' title='bbox 1137 1447 1272 1529; x_wconf 79' lang='lat' dir='ltr'><strong>uixisse,</strong></span> <span class='ocrx_word' id='word_1_76' title='bbox 1310 1455 1451 1533; x_wconf 84' lang='lat' dir='ltr'><strong>praeter</strong></span> 
     </span>
     <span class='ocr_line' id='line_1_10' title="bbox 298 1553 1486 1620; baseline 0.003 -1"><span class='ocrx_word' id='word_1_77' title='bbox 298 1553 473 1620; x_wconf 79' lang='lat' dir='ltr'><strong>aetatem.“</strong></span> <span class='ocrx_word' id='word_1_78' title='bbox 1462 1579 1486 1615; x_wconf 73' lang='grc' dir='ltr'><strong>ιο</strong></span> 
     </span>
     <span class='ocr_line' id='line_1_11' title="bbox 265 1661 1449 1748; baseline 0.008 -27"><span class='ocrx_word' id='word_1_79' title='bbox 265 1669 280 1721; x_wconf 93' lang='grc'>1</span> <span class='ocrx_word' id='word_1_80' title='bbox 382 1661 442 1730; x_wconf 89' lang='lat' dir='ltr'><strong>IV.</strong></span> <span class='ocrx_word' id='word_1_81' title='bbox 487 1661 581 1748; x_wconf 88' lang='lat' dir='ltr'><strong>Mihi,</strong></span> <span class='ocrx_word' id='word_1_82' title='bbox 606 1663 778 1729; x_wconf 76' lang='lat' dir='ltr'><strong>canssime</strong></span> <span class='ocrx_word' id='word_1_83' title='bbox 801 1663 938 1748; x_wconf 85' lang='lat' dir='ltr'><strong>Serene,</strong></span> <span class='ocrx_word' id='word_1_84' title='bbox 960 1665 1060 1730; x_wconf 88' lang='lat' dir='ltr'><strong>nimis</strong></span> <span class='ocrx_word' id='word_1_85' title='bbox 1081 1663 1218 1730; x_wconf 87' lang='lat' dir='ltr'><strong>uidetur</strong></span> <span class='ocrx_word' id='word_1_86' title='bbox 1240 1663 1449 1730; x_wconf 76' lang='lat' dir='ltr'><strong>summisisse</strong></span> 
     </span>
     <span class='ocr_line' id='line_1_12' title="bbox 295 1769 1448 1860; baseline 0.002 -24"><span class='ocrx_word' id='word_1_87' title='bbox 295 1771 507 1858; x_wconf 71' lang='lat' dir='ltr'><strong>temporibus</strong></span> <span class='ocrx_word' id='word_1_88' title='bbox 531 1793 567 1836; x_wconf 90' lang='lat' dir='ltr'><strong>se</strong></span> <span class='ocrx_word' id='word_1_89' title='bbox 582 1769 835 1856; x_wconf 81' lang='lat' dir='ltr'><strong>Athenodorus,</strong></span> <span class='ocrx_word' id='word_1_90' title='bbox 857 1773 956 1838; x_wconf 87' lang='lat' dir='ltr'><strong>nimis</strong></span> <span class='ocrx_word' id='word_1_91' title='bbox 979 1773 1046 1838; x_wconf 87' lang='lat' dir='ltr'><strong>cito</strong></span> <span class='ocrx_word' id='word_1_92' title='bbox 1069 1771 1246 1859; x_wconf 76' lang='lat' dir='ltr'><strong>refugisse.</strong></span> <span class='ocrx_word' id='word_1_93' title='bbox 1289 1773 1360 1839; x_wconf 85' lang='lat' dir='ltr'><strong>Nec</strong></span> <span class='ocrx_word' id='word_1_94' title='bbox 1384 1795 1448 1860; x_wconf 85' lang='lat' dir='ltr'><strong>ego</strong></span> 
     </span>
     <span class='ocr_line' id='line_1_13' title="bbox 298 1864 1450 1968; baseline 0.003 -23"><span class='ocrx_word' id='word_1_95' title='bbox 298 1880 496 1966; x_wconf 87' lang='lat' dir='ltr'><strong>negauerim</strong></span> <span class='ocrx_word' id='word_1_96' title='bbox 525 1879 706 1965; x_wconf 87' lang='lat' dir='ltr'><strong>aliquando</strong></span> <span class='ocrx_word' id='word_1_97' title='bbox 736 1864 935 1964; x_wconf 86' lang='lat' dir='ltr'><strong>cedendum,</strong></span> <span class='ocrx_word' id='word_1_98' title='bbox 969 1881 1031 1946; x_wconf 88' lang='lat' dir='ltr'><strong>sed</strong></span> <span class='ocrx_word' id='word_1_99' title='bbox 1057 1880 1183 1947; x_wconf 89' lang='lat' dir='ltr'><strong>sensim</strong></span> <span class='ocrx_word' id='word_1_100' title='bbox 1204 1880 1315 1947; x_wconf 85' lang='lat' dir='ltr'><strong>relato</strong></span> <span class='ocrx_word' id='word_1_101' title='bbox 1337 1883 1450 1968; x_wconf 86' lang='lat' dir='ltr'><strong>gradu</strong></span> 
     </span>
     <span class='ocr_line' id='line_1_14' title="bbox 297 1987 1448 2075; baseline 0.003 -23"><span class='ocrx_word' id='word_1_102' title='bbox 297 1994 332 2052; x_wconf 87' lang='lat' dir='ltr'><strong>ct</strong></span> <span class='ocrx_word' id='word_1_103' title='bbox 364 1987 466 2053; x_wconf 87' lang='lat' dir='ltr'><strong>saluis</strong></span> <span class='ocrx_word' id='word_1_104' title='bbox 489 1987 605 2074; x_wconf 89' lang='lat' dir='ltr'><strong>signis,</strong></span> <span class='ocrx_word' id='word_1_105' title='bbox 640 1988 734 2054; x_wconf 86' lang='lat' dir='ltr'><strong>salua</strong></span> <span class='ocrx_word' id='word_1_106' title='bbox 755 1988 892 2054; x_wconf 86' lang='lat' dir='ltr'><strong>militari</strong></span> <span class='ocrx_word' id='word_1_107' title='bbox 915 1989 1098 2075; x_wconf 88' lang='lat' dir='ltr'><strong>dignitate:</strong></span> <span class='ocrx_word' id='word_1_108' title='bbox 1132 1989 1320 2056; x_wconf 87' lang='lat' dir='ltr'><strong>sanctiores</strong></span> <span class='ocrx_word' id='word_1_109' title='bbox 1342 1992 1448 2056; x_wconf 88' lang='lat' dir='ltr'><strong>tutio·</strong></span> 
     </span>
     <span class='ocr_line' id='line_1_15' title="bbox 296 2094 1484 2182; baseline 0.005 -23"><span class='ocrx_word' id='word_1_110' title='bbox 296 2117 419 2181; x_wconf 88' lang='lat' dir='ltr'><strong>resque</strong></span> <span class='ocrx_word' id='word_1_111' title='bbox 443 2103 523 2160; x_wconf 88' lang='lat' dir='ltr'><strong>snnt</strong></span> <span class='ocrx_word' id='word_1_112' title='bbox 544 2094 701 2162; x_wconf 76' lang='lat' dir='ltr'><strong>hostibus</strong></span> <span class='ocrx_word' id='word_1_113' title='bbox 724 2097 802 2180; x_wconf 87' lang='lat' dir='ltr'><strong>suis,</strong></span> <span class='ocrx_word' id='word_1_114' title='bbox 825 2097 885 2182; x_wconf 91' lang='lat' dir='ltr'><strong>qui</strong></span> <span class='ocrx_word' id='word_1_115' title='bbox 904 2097 942 2162; x_wconf 91' lang='lat' dir='ltr'><strong>in</strong></span> <span class='ocrx_word' id='word_1_116' title='bbox 962 2097 1066 2164; x_wconf 91' lang='lat' dir='ltr'><strong>fidem</strong></span> <span class='ocrx_word' id='word_1_117' title='bbox 1082 2120 1160 2164; x_wconf 89' lang='lat' dir='ltr'><strong>cum</strong></span> <span class='ocrx_word' id='word_1_118' title='bbox 1175 2098 1276 2163; x_wconf 87' lang='lat' dir='ltr'><strong>armis</strong></span> <span class='ocrx_word' id='word_1_119' title='bbox 1292 2099 1448 2166; x_wconf 89' lang='lat' dir='ltr'><strong>ueniunt.</strong></span> <span class='ocrx_word' id='word_1_120' title='bbox 1462 2120 1484 2158; x_wconf 77' lang='lat'><strong>1⁶</strong></span> 
     </span>
     <span class='ocr_line' id='line_1_16' title="bbox 261 2203 1448 2293; baseline 0.005 -25"><span class='ocrx_word' id='word_1_121' title='bbox 261 2203 377 2270; x_wconf 79' lang='lat' dir='ltr'><strong>2Hoc</strong></span> <span class='ocrx_word' id='word_1_122' title='bbox 405 2211 489 2290; x_wconf 90' lang='lat' dir='ltr'><strong>puto</strong></span> <span class='ocrx_word' id='word_1_123' title='bbox 512 2205 630 2270; x_wconf 86' lang='lat' dir='ltr'><strong>uirtuti</strong></span> <span class='ocrx_word' id='word_1_124' title='bbox 652 2203 847 2271; x_wconf 89' lang='lat' dir='ltr'><strong>faciendum</strong></span> <span class='ocrx_word' id='word_1_125' title='bbox 869 2205 1091 2291; x_wconf 89' lang='lat' dir='ltr'><strong>studiosoque</strong></span> <span class='ocrx_word' id='word_1_126' title='bbox 1111 2206 1262 2292; x_wconf 88' lang='lat' dir='ltr'><strong>uirtutis,</strong></span> <span class='ocrx_word' id='word_1_127' title='bbox 1296 2207 1326 2272; x_wconf 90' lang='lat' dir='ltr'><strong>si</strong></span> <span class='ocrx_word' id='word_1_128' title='bbox 1347 2229 1448 2293; x_wconf 89' lang='lat' dir='ltr'><strong>prae-</strong></span> 
     </span>
     <span class='ocr_line' id='line_1_17' title="bbox 296 2310 1448 2400; baseline 0.004 -24"><span class='ocrx_word' id='word_1_129' title='bbox 296 2311 421 2378; x_wconf 85' lang='lat' dir='ltr'><strong>ualebit</strong></span> <span class='ocrx_word' id='word_1_130' title='bbox 432 2310 570 2378; x_wconf 85' lang='lat' dir='ltr'><strong>fortune</strong></span> <span class='ocrx_word' id='word_1_131' title='bbox 581 2320 617 2379; x_wconf 90' lang='lat' dir='ltr'><strong>et</strong></span> <span class='ocrx_word' id='word_1_132' title='bbox 627 2314 803 2400; x_wconf 80' lang='lat' dir='ltr'><strong>praecidet</strong></span> <span class='ocrx_word' id='word_1_133' title='bbox 815 2313 939 2400; x_wconf 87' lang='lat' dir='ltr'><strong>agendi</strong></span> <span class='ocrx_word' id='word_1_134' title='bbox 948 2312 1157 2400; x_wconf 84' lang='lat' dir='ltr'><strong>facultatem,</strong></span> <span class='ocrx_word' id='word_1_135' title='bbox 1175 2316 1235 2396; x_wconf 73' lang='lat' dir='ltr'><strong>(ut)</strong></span> <span class='ocrx_word' id='word_1_136' title='bbox 1247 2336 1318 2380; x_wconf 91' lang='lat' dir='ltr'><strong>non</strong></span> <span class='ocrx_word' id='word_1_137' title='bbox 1329 2317 1448 2381; x_wconf 83' lang='lat' dir='ltr'><strong>statim</strong></span> 
     </span>
     <span class='ocr_line' id='line_1_18' title="bbox 298 2420 1447 2508; baseline 0.005 -24"><span class='ocrx_word' id='word_1_138' title='bbox 298 2443 436 2486; x_wconf 87' lang='lat' dir='ltr'><strong>auersus</strong></span> <span class='ocrx_word' id='word_1_139' title='bbox 468 2422 674 2506; x_wconf 87' lang='lat' dir='ltr'><strong>inermisque</strong></span> <span class='ocrx_word' id='word_1_140' title='bbox 707 2420 818 2508; x_wconf 75' lang='lat' dir='ltr'><strong>lugiet</strong></span> <span class='ocrx_word' id='word_1_141' title='bbox 843 2422 993 2488; x_wconf 84' lang='lat' dir='ltr'><strong>latebras</strong></span> <span class='ocrx_word' id='word_1_142' title='bbox 1020 2443 1199 2507; x_wconf 86' lang='lat' dir='ltr'><strong>quaerens,</strong></span> <span class='ocrx_word' id='word_1_143' title='bbox 1233 2423 1330 2507; x_wconf 87' lang='lat' dir='ltr'><strong>quasi</strong></span> <span class='ocrx_word' id='word_1_144' title='bbox 1357 2423 1447 2490; x_wconf 85' lang='lat' dir='ltr'><strong>ullus</strong></span> 
     </span>
     <span class='ocr_line' id='line_1_19' title="bbox 296 2527 1447 2618; baseline 0.004 -25"><span class='ocrx_word' id='word_1_145' title='bbox 296 2527 392 2594; x_wconf 86' lang='lat' dir='ltr'><strong>loeus</strong></span> <span class='ocrx_word' id='word_1_146' title='bbox 416 2529 469 2613; x_wconf 88' lang='lat' dir='ltr'><strong>sit,</strong></span> <span class='ocrx_word' id='word_1_147' title='bbox 494 2528 552 2614; x_wconf 90' lang='lat' dir='ltr'><strong>[in]</strong></span> <span class='ocrx_word' id='word_1_148' title='bbox 577 2552 643 2614; x_wconf 91' lang='lat' dir='ltr'><strong>quo</strong></span> <span class='ocrx_word' id='word_1_149' title='bbox 665 2552 735 2596; x_wconf 90' lang='lat' dir='ltr'><strong>non</strong></span> <span class='ocrx_word' id='word_1_150' title='bbox 756 2530 867 2617; x_wconf 89' lang='lat' dir='ltr'><strong>possit</strong></span> <span class='ocrx_word' id='word_1_151' title='bbox 886 2528 1025 2596; x_wconf 81' lang='lat' dir='ltr'><strong>fortuna</strong></span> <span class='ocrx_word' id='word_1_152' title='bbox 1041 2530 1209 2617; x_wconf 86' lang='lat' dir='ltr'><strong>persequi,</strong></span> <span class='ocrx_word' id='word_1_153' title='bbox 1231 2531 1294 2596; x_wconf 88' lang='lat' dir='ltr'><strong>sed</strong></span> <span class='ocrx_word' id='word_1_154' title='bbox 1309 2533 1447 2618; x_wconf 88' lang='lat' dir='ltr'><strong>parcius</strong></span> 
     </span>
     <span class='ocr_line' id='line_1_20' title="bbox 299 2636 1482 2726; baseline -0.001 -25"><span class='ocrx_word' id='word_1_155' title='bbox 299 2659 335 2701; x_wconf 87' lang='lat' dir='ltr'><strong>se</strong></span> <span class='ocrx_word' id='word_1_156' title='bbox 363 2636 489 2703; x_wconf 82' lang='lat' dir='ltr'><strong>inferat</strong></span> <span class='ocrx_word' id='word_1_157' title='bbox 518 2637 640 2704; x_wconf 89' lang='lat' dir='ltr'><strong>officiis</strong></span> <span class='ocrx_word' id='word_1_158' title='bbox 669 2645 803 2704; x_wconf 89' lang='lat' dir='ltr'><strong>etcum</strong></span> <span class='ocrx_word' id='word_1_159' title='bbox 826 2638 953 2704; x_wconf 88' lang='lat' dir='ltr'><strong>dilectu</strong></span> <span class='ocrx_word' id='word_1_160' title='bbox 974 2639 1127 2706; x_wconf 90' lang='lat' dir='ltr'><strong>inueniat</strong></span> <span class='ocrx_word' id='word_1_161' title='bbox 1149 2638 1286 2725; x_wconf 88' lang='lat' dir='ltr'><strong>aliquid,</strong></span> <span class='ocrx_word' id='word_1_162' title='bbox 1317 2641 1356 2705; x_wconf 92' lang='lat' dir='ltr'><strong>in</strong></span> <span class='ocrx_word' id='word_1_163' title='bbox 1379 2663 1482 2726; x_wconf 74' lang='lat' dir='ltr'><strong>quoe</strong></span> 
     </span>
     <span class='ocr_line' id='line_1_21' title="bbox 262 2744 1447 2836; baseline 0.004 -26"><span class='ocrx_word' id='word_1_164' title='bbox 262 2744 390 2810; x_wconf 65' lang='lat' dir='ltr'><strong>dutilis</strong></span> <span class='ocrx_word' id='word_1_165' title='bbox 414 2746 547 2812; x_wconf 87' lang='lat' dir='ltr'><strong>ciuitati</strong></span> <span class='ocrx_word' id='word_1_166' title='bbox 569 2747 623 2812; x_wconf 87' lang='lat' dir='ltr'><strong>sit.</strong></span> <span class='ocrx_word' id='word_1_167' title='bbox 674 2747 822 2813; x_wconf 82' lang='lat' dir='ltr'><strong>Militare</strong></span> <span class='ocrx_word' id='word_1_168' title='bbox 843 2747 1029 2814; x_wconf 87' lang='lat' dir='ltr'><strong>nonlicet:</strong></span> <span class='ocrx_word' id='word_1_169' title='bbox 1063 2747 1210 2814; x_wconf 87' lang='lat' dir='ltr'><strong>honores</strong></span> <span class='ocrx_word' id='word_1_170' title='bbox 1232 2754 1344 2834; x_wconf 80' lang='lat' dir='ltr'><strong>petat3</strong></span> <span class='ocrx_word' id='word_1_171' title='bbox 1379 2751 1447 2836; x_wconf 82' lang='lat' dir='ltr'><strong>pri·</strong></span> 
     </span>
     <span class='ocr_line' id='line_1_22' title="bbox 295 2854 1446 2940; baseline 0.005 -22"><span class='ocrx_word' id='word_1_172' title='bbox 295 2859 377 2920; x_wconf 89' lang='lat' dir='ltr'><strong>uato</strong></span> <span class='ocrx_word' id='word_1_173' title='bbox 410 2854 599 2921; x_wconf 90' lang='lat' dir='ltr'><strong>uiuendum</strong></span> <span class='ocrx_word' id='word_1_174' title='bbox 632 2861 700 2921; x_wconf 89' lang='lat' dir='ltr'><strong>est:</strong></span> <span class='ocrx_word' id='word_1_175' title='bbox 733 2855 778 2921; x_wconf 86' lang='lat' dir='ltr'><strong>sit</strong></span> <span class='ocrx_word' id='word_1_176' title='bbox 811 2863 939 2940; x_wconf 88' lang='lat' dir='ltr'><strong>orator;</strong></span> <span class='ocrx_word' id='word_1_177' title='bbox 974 2855 1145 2922; x_wconf 89' lang='lat' dir='ltr'><strong>silentium</strong></span> <span class='ocrx_word' id='word_1_178' title='bbox 1176 2855 1344 2922; x_wconf 85' lang='lat' dir='ltr'><strong>indictum</strong></span> <span class='ocrx_word' id='word_1_179' title='bbox 1378 2863 1446 2924; x_wconf 86' lang='lat' dir='ltr'><strong>est:</strong></span> 
     </span>
     <span class='ocr_line' id='line_1_23' title="bbox 295 2961 1448 3051; baseline 0.006 -27"><span class='ocrx_word' id='word_1_180' title='bbox 295 2961 402 3028; x_wconf 85' lang='lat' dir='ltr'><strong>tacita</strong></span> <span class='ocrx_word' id='word_1_181' title='bbox 424 2963 651 3030; x_wconf 88' lang='lat' dir='ltr'><strong>aduocatione</strong></span> <span class='ocrx_word' id='word_1_182' title='bbox 673 2964 766 3029; x_wconf 90' lang='lat' dir='ltr'><strong>ciues</strong></span> <span class='ocrx_word' id='word_1_183' title='bbox 787 2964 896 3050; x_wconf 87' lang='lat' dir='ltr'><strong>iuuet;</strong></span> <span class='ocrx_word' id='word_1_184' title='bbox 918 2964 1146 3051; x_wconf 87' lang='lat' dir='ltr'><strong>periculosum</strong></span> <span class='ocrx_word' id='word_1_185' title='bbox 1169 2963 1271 3029; x_wconf 89' lang='lat' dir='ltr'><strong>etiam</strong></span> <span class='ocrx_word' id='word_1_186' title='bbox 1287 2964 1448 3050; x_wconf 87' lang='lat' dir='ltr'><strong>ingressu</strong></span> 
     </span>
     <span class='ocr_line' id='line_1_24' title="bbox 296 3067 1446 3159; baseline 0.005 -26"><span class='ocrx_word' id='word_1_187' title='bbox 296 3067 408 3136; x_wconf 89' lang='lat' dir='ltr'><strong>forum</strong></span> <span class='ocrx_word' id='word_1_188' title='bbox 425 3079 492 3137; x_wconf 89' lang='lat' dir='ltr'><strong>est:</strong></span> <span class='ocrx_word' id='word_1_189' title='bbox 515 3072 553 3136; x_wconf 92' lang='lat' dir='ltr'><strong>in</strong></span> <span class='ocrx_word' id='word_1_190' title='bbox 571 3069 737 3156; x_wconf 88' lang='lat' dir='ltr'><strong>domibus,</strong></span> <span class='ocrx_word' id='word_1_191' title='bbox 760 3073 796 3138; x_wconf 90' lang='lat' dir='ltr'><strong>in</strong></span> <span class='ocrx_word' id='word_1_192' title='bbox 812 3076 833 3154; x_wconf 85' lang='lat'>†</span> <span class='ocrx_word' id='word_1_193' title='bbox 851 3072 1065 3159; x_wconf 86' lang='lat' dir='ltr'><strong>spectaculis,</strong></span> <span class='ocrx_word' id='word_1_194' title='bbox 1086 3073 1124 3137; x_wconf 91' lang='lat' dir='ltr'><strong>in</strong></span> <span class='ocrx_word' id='word_1_195' title='bbox 1140 3071 1305 3137; x_wconf 86' lang='lat' dir='ltr'><strong>conuiuiis</strong></span> <span class='ocrx_word' id='word_1_196' title='bbox 1316 3073 1446 3139; x_wconf 90' lang='lat' dir='ltr'><strong>bonum</strong></span> 
     </span>
    </p>
   </div>
   <div class='ocr_carea' id='block_1_3' title="bbox 298 575 1580 912">
    <p class='ocr_par' dir='ltr' id='par_1_3' title="bbox 298 561 1580 912">
     <span class='ocr_line' id='line_1_25' title="bbox 298 575 1448 663; baseline 0.002 -22"><span class='ocrx_word' id='word_1_197' title='bbox 298 576 462 662; x_wconf 88' lang='lat' dir='ltr'><strong>conuersi,</strong></span> <span class='ocrx_word' id='word_1_198' title='bbox 481 583 643 663; x_wconf 89' lang='lat' dir='ltr'><strong>sequetur</strong></span> <span class='ocrx_word' id='word_1_199' title='bbox 653 576 741 644; x_wconf 87' lang='lat' dir='ltr'><strong>hanc</strong></span> <span class='ocrx_word' id='word_1_200' title='bbox 754 576 973 648; x_wconf 77' lang='lat' dir='ltr'><strong>solitudinem</strong></span> <span class='ocrx_word' id='word_1_201' title='bbox 984 577 1076 644; x_wconf 91' lang='lat' dir='ltr'><strong>omni</strong></span> <span class='ocrx_word' id='word_1_202' title='bbox 1087 575 1199 644; x_wconf 88' lang='lat' dir='ltr'><strong>studio</strong></span> <span class='ocrx_word' id='word_1_203' title='bbox 1211 583 1386 642; x_wconf 84' lang='lat' dir='ltr'><strong>carentem</strong></span> <span class='ocrx_word' id='word_1_204' title='bbox 1396 577 1448 644; x_wconf 83' lang='lat' dir='ltr'><strong>in-</strong></span> 
     </span>
     <span class='ocr_line' id='line_1_26' title="bbox 1579 743 1580 802; baseline 0 0"><span class='ocrx_word' id='word_1_205' title='bbox 1579 743 1580 802; x_wconf 85' lang='lat' dir='ltr'><strong>l</strong></span> 
     </span>
     <span class='ocr_line' id='line_1_27' title="bbox 1579 869 1580 912; baseline 0 0"><span class='ocrx_word' id='word_1_206' title='bbox 1579 869 1580 912; x_wconf 79' lang='lat' dir='ltr'><strong>l</strong></span> 
     </span>
    </p>
   </div>
   <div class='ocr_carea' id='block_1_4' title="bbox 378 3313 523 3322">
    <p class='ocr_par' dir='ltr' id='par_1_4' title="bbox 378 3313 523 3322">
     <span class='ocr_line' id='line_1_28' title="bbox 378 3313 523 3322; baseline 0.007 -1"><span class='ocrx_word' id='word_1_207' title='bbox 378 3313 413 3318; x_wconf 94' lang='lat'><strong>--</strong></span> <span class='ocrx_word' id='word_1_208' title='bbox 449 3315 523 3322; x_wconf 56' lang='lat' dir='ltr'><strong>—a-</strong></span> 
     </span>
    </p>
   </div>
   <div class='ocr_carea' id='block_1_5' title="bbox 294 3469 1446 4483">
    <p class='ocr_par' dir='ltr' id='par_1_5' title="bbox 294 3469 1446 4483">
     <span class='ocr_line' id='line_1_29' title="bbox 298 3469 1445 3536; baseline 0.004 -14"><span class='ocrx_word' id='word_1_209' title='bbox 298 3469 635 3536; x_wconf 62' lang='lat' dir='ltr'><strong>rememoratur</strong></span> <span class='ocrx_word' id='word_1_210' title='bbox 696 3471 773 3528; x_wconf 66' lang='lat' dir='ltr'><strong>oriri*</strong></span> <span class='ocrx_word' id='word_1_211' title='bbox 790 3475 869 3530; x_wconf 84' lang='lat' dir='ltr'><strong>(eras.</strong></span> <span class='ocrx_word' id='word_1_212' title='bbox 888 3469 953 3536; x_wconf 73' lang='lat' dir='ltr'><strong>e)h</strong></span> <span class='ocrx_word' id='word_1_213' title='bbox 1013 3473 1110 3526; x_wconf 77' lang='lat' dir='ltr'><strong>2tum</strong></span> <span class='ocrx_word' id='word_1_214' title='bbox 1128 3471 1233 3527; x_wconf 81' lang='lat' dir='ltr'><strong>addidi.</strong></span> <span class='ocrx_word' id='word_1_215' title='bbox 1291 3469 1445 3527; x_wconf 72' lang='lat' dir='ltr'><strong>edificiad</strong></span> 
     </span>
     <span class='ocr_line' id='line_1_30' title="bbox 372 3555 1446 3627; baseline 0.004 -19"><span class='ocrx_word' id='word_1_216' title='bbox 372 3555 464 3625; x_wconf 66' lang='lat' dir='ltr'><strong>iqua</strong></span> <span class='ocrx_word' id='word_1_217' title='bbox 481 3574 513 3612; x_wconf 90' lang='lat' dir='ltr'><strong>re</strong></span> <span class='ocrx_word' id='word_1_218' title='bbox 533 3557 657 3625; x_wconf 65' lang='lat' dir='ltr'><strong>dictem</strong></span> <span class='ocrx_word' id='word_1_219' title='bbox 676 3575 765 3627; x_wconf 86' lang='lat' dir='ltr'><strong>quare</strong></span> <span class='ocrx_word' id='word_1_220' title='bbox 783 3556 805 3613; x_wconf 84' lang='grc' dir='ltr'><strong>Α</strong></span> <span class='ocrx_word' id='word_1_221' title='bbox 823 3555 909 3624; x_wconf 80' lang='lat' dir='ltr'><strong>(Olim</strong></span> <span class='ocrx_word' id='word_1_222' title='bbox 927 3557 984 3612; x_wconf 77' lang='lat' dir='ltr'><strong>cdd.</strong></span> <span class='ocrx_word' id='word_1_223' title='bbox 999 3557 1181 3625; x_wconf 65' lang='lat' dir='ltr'><strong>manissime:</strong></span> <span class='ocrx_word' id='word_1_224' title='bbox 1199 3557 1295 3623; x_wconf 80' lang='lat' dir='ltr'><strong>Quare</strong></span> <span class='ocrx_word' id='word_1_225' title='bbox 1314 3575 1342 3612; x_wconf 87' lang='lat' dir='ltr'><strong>n.</strong></span> <span class='ocrx_word' id='word_1_226' title='bbox 1361 3564 1382 3612; x_wconf 81' lang='lat' dir='ltr'><strong>t</strong></span> <span class='ocrx_word' id='word_1_227' title='bbox 1402 3563 1446 3612; x_wconf 81' lang='lat' dir='ltr'><strong>est</strong></span> 
     </span>
     <span class='ocr_line' id='line_1_31' title="bbox 297 3640 1444 3711; baseline 0.003 -16"><span class='ocrx_word' id='word_1_228' title='bbox 297 3657 383 3710; x_wconf 86' lang='lat' dir='ltr'><strong>quam</strong></span> <span class='ocrx_word' id='word_1_229' title='bbox 401 3641 520 3710; x_wconf 85' lang='lat' dir='ltr'><strong>grandis</strong></span> <span class='ocrx_word' id='word_1_230' title='bbox 539 3649 612 3698; x_wconf 86' lang='lat' dir='ltr'><strong>natu</strong></span> <span class='ocrx_word' id='word_1_231' title='bbox 629 3659 727 3711; x_wconf 84' lang='lat' dir='ltr'><strong>senex,</strong></span> <span class='ocrx_word' id='word_1_232' title='bbox 746 3641 796 3711; x_wconf 92' lang='lat' dir='ltr'><strong>qui</strong></span> <span class='ocrx_word' id='word_1_233' title='bbox 813 3643 926 3696; x_wconf 88' lang='lat' dir='ltr'><strong>nullum</strong></span> <span class='ocrx_word' id='word_1_234' title='bbox 944 3642 1007 3708; x_wconf 74' lang='lat' dir='ltr'><strong>do.)</strong></span> <span class='ocrx_word' id='word_1_235' title='bbox 1111 3643 1144 3698; x_wconf 91' lang='lat'><strong>11</strong></span> <span class='ocrx_word' id='word_1_236' title='bbox 1170 3641 1256 3696; x_wconf 85' lang='lat' dir='ltr'><strong>nimis</strong></span> <span class='ocrx_word' id='word_1_237' title='bbox 1273 3640 1395 3698; x_wconf 88' lang='lat' dir='ltr'><strong>uidetur</strong></span> <span class='ocrx_word' id='word_1_238' title='bbox 1412 3641 1444 3708; x_wconf 80' lang='lat'><strong>1;</strong></span> 
     </span>
     <span class='ocr_line' id='line_1_32' title="bbox 295 3725 1444 3796; baseline 0.003 -16"><span class='ocrx_word' id='word_1_239' title='bbox 295 3725 391 3782; x_wconf 89' lang='lat' dir='ltr'><strong>minus</strong></span> <span class='ocrx_word' id='word_1_240' title='bbox 413 3727 532 3782; x_wconf 84' lang='lat' dir='ltr'><strong>uidetur</strong></span> <span class='ocrx_word' id='word_1_241' title='bbox 554 3728 589 3782; x_wconf 79' lang='lat' dir='ltr'><strong>A.</strong></span> <span class='ocrx_word' id='word_1_242' title='bbox 608 3729 733 3783; x_wconf 72' lang='grc' dir='ltr'><strong>Ειιεεηεν</strong></span> <span class='ocrx_word' id='word_1_243' title='bbox 751 3727 848 3782; x_wconf 78' lang='lat' dir='ltr'><strong>Philol.</strong></span> <span class='ocrx_word' id='word_1_244' title='bbox 865 3729 899 3782; x_wconf 85' lang='lat'><strong>39</strong></span> <span class='ocrx_word' id='word_1_245' title='bbox 918 3744 948 3794; x_wconf 80' lang='lat' dir='ltr'><strong>p.</strong></span> <span class='ocrx_word' id='word_1_246' title='bbox 966 3729 1021 3782; x_wconf 84' lang='lat'><strong>372</strong></span> <span class='ocrx_word' id='word_1_247' title='bbox 1037 3743 1084 3796; x_wconf 75' lang='lat' dir='ltr'><strong>sq,</strong></span> <span class='ocrx_word' id='word_1_248' title='bbox 1112 3729 1182 3796; x_wconf 70' lang='lat' dir='ltr'><strong>qiud</strong></span> <span class='ocrx_word' id='word_1_249' title='bbox 1197 3736 1299 3782; x_wconf 76' lang='lat' dir='ltr'><strong>rectum</strong></span> <span class='ocrx_word' id='word_1_250' title='bbox 1315 3737 1393 3796; x_wconf 57' lang='lat' dir='ltr'><strong>esset</strong></span> <span class='ocrx_word' id='word_1_251' title='bbox 1421 3733 1444 3784; x_wconf 66' lang='grc' dir='ltr'><strong>π’</strong></span> 
     </span>
     <span class='ocr_line' id='line_1_33' title="bbox 297 3813 1444 3884; baseline 0.003 -18"><span class='ocrx_word' id='word_1_252' title='bbox 297 3813 476 3869; x_wconf 87' lang='lat' dir='ltr'><strong>summisisse</strong></span> <span class='ocrx_word' id='word_1_253' title='bbox 493 3814 565 3868; x_wconf 82' lang='lat' dir='ltr'><strong>idem</strong></span> <span class='ocrx_word' id='word_1_254' title='bbox 582 3821 651 3868; x_wconf 80' lang='lat' dir='ltr'><strong>esset</strong></span> <span class='ocrx_word' id='word_1_255' title='bbox 668 3814 737 3882; x_wconf 67' lang='lat' dir='ltr'><strong>quod</strong></span> <span class='ocrx_word' id='word_1_256' title='bbox 754 3813 995 3868; x_wconf 87' lang='lat' dir='ltr'><strong>accommodasse.</strong></span> <span class='ocrx_word' id='word_1_257' title='bbox 1100 3815 1132 3868; x_wconf 81' lang='lat' dir='ltr'><strong>ln</strong></span> <span class='ocrx_word' id='word_1_258' title='bbox 1157 3813 1219 3868; x_wconf 87' lang='lat' dir='ltr'><strong>Neo</strong></span> <span class='ocrx_word' id='word_1_259' title='bbox 1237 3831 1292 3882; x_wconf 82' lang='lat' dir='ltr'><strong>ego</strong></span> <span class='ocrx_word' id='word_1_260' title='bbox 1318 3832 1365 3884; x_wconf 72' lang='lat' dir='ltr'><strong>uq-</strong></span> <span class='ocrx_word' id='word_1_261' title='bbox 1382 3815 1444 3869; x_wconf 76' lang='lat' dir='ltr'><strong>inde</strong></span> 
     </span>
     <span class='ocr_line' id='line_1_34' title="bbox 297 3897 1442 3968; baseline 0.003 -16"><span class='ocrx_word' id='word_1_262' title='bbox 297 3901 331 3953; x_wconf 84' lang='lat' dir='ltr'><strong>ab</strong></span> <span class='ocrx_word' id='word_1_263' title='bbox 342 3899 475 3964; x_wconf 71' lang='grc' dir='ltr'><strong>Ενακπιος</strong></span> <span class='ocrx_word' id='word_1_264' title='bbox 494 3916 530 3954; x_wconf 89' lang='lat' dir='ltr'><strong>ne</strong></span> <span class='ocrx_word' id='word_1_265' title='bbox 548 3897 638 3968; x_wconf 75' lang='lat' dir='ltr'><strong>egoh</strong></span> <span class='ocrx_word' id='word_1_266' title='bbox 700 3900 732 3953; x_wconf 82' lang='lat'><strong>14</strong></span> <span class='ocrx_word' id='word_1_267' title='bbox 748 3898 930 3968; x_wconf 81' lang='lat' dir='ltr'><strong>tutioresque</strong></span> <span class='ocrx_word' id='word_1_268' title='bbox 948 3901 1009 3954; x_wconf 78' lang='lat' dir='ltr'><strong>eine</strong></span> <span class='ocrx_word' id='word_1_269' title='bbox 1026 3915 1110 3954; x_wconf 81' lang='lat' dir='ltr'><strong>causa</strong></span> <span class='ocrx_word' id='word_1_270' title='bbox 1128 3901 1189 3954; x_wconf 75' lang='lat' dir='ltr'><strong>tolli</strong></span> <span class='ocrx_word' id='word_1_271' title='bbox 1204 3901 1265 3954; x_wconf 76' lang='lat' dir='ltr'><strong>cult</strong></span> <span class='ocrx_word' id='word_1_272' title='bbox 1278 3899 1320 3953; x_wconf 86' lang='lat' dir='ltr'><strong>W.</strong></span> <span class='ocrx_word' id='word_1_273' title='bbox 1332 3901 1442 3956; x_wconf 67' lang='lat' dir='ltr'><strong>decoll</strong></span> 
     </span>
     <span class='ocr_line' id='line_1_35' title="bbox 348 3981 1444 4054; baseline 0.005 -18"><span class='ocrx_word' id='word_1_274' title='bbox 348 3983 380 4036; x_wconf 81' lang='lat'><strong>15</strong></span> <span class='ocrx_word' id='word_1_275' title='bbox 398 3999 435 4051; x_wconf 78' lang='lat' dir='ltr'><strong>sq.</strong></span> <span class='ocrx_word' id='word_1_276' title='bbox 446 3981 575 4038; x_wconf 89' lang='lat' dir='ltr'><strong>ueniunt.</strong></span> <span class='ocrx_word' id='word_1_277' title='bbox 610 3983 675 4039; x_wconf 87' lang='lat' dir='ltr'><strong>Hoc</strong></span> <span class='ocrx_word' id='word_1_278' title='bbox 685 4027 691 4039; x_wconf 90' lang='lat'>.</span> <span class='ocrx_word' id='word_1_279' title='bbox 702 4027 708 4039; x_wconf 95' lang='lat'><em>.</em></span> <span class='ocrx_word' id='word_1_280' title='bbox 719 3983 852 4038; x_wconf 85' lang='lat' dir='ltr'><strong>uirtutis:</strong></span> <span class='ocrx_word' id='word_1_281' title='bbox 871 3984 896 4038; x_wconf 87' lang='lat' dir='ltr'><strong>si</strong></span> <span class='ocrx_word' id='word_1_282' title='bbox 905 3987 1005 4038; x_wconf 78' lang='lat' dir='ltr'><strong>rectius</strong></span> <span class='ocrx_word' id='word_1_283' title='bbox 1015 3987 1243 4052; x_wconf 66' lang='lat' dir='ltr'><strong>interponamur</strong></span> <span class='ocrx_word' id='word_1_284' title='bbox 1249 3986 1375 4054; x_wconf 76' lang='lat' dir='ltr'><strong>plerique</strong></span> <span class='ocrx_word' id='word_1_285' title='bbox 1382 3992 1444 4040; x_wconf 71' lang='lat' dir='ltr'><strong>aab</strong></span> 
     </span>
     <span class='ocr_line' id='line_1_36' title="bbox 295 4068 1443 4139; baseline 0 -16"><span class='ocrx_word' id='word_1_286' title='bbox 295 4070 443 4135; x_wconf 77' lang='lat' dir='ltr'><strong>Raecium,</strong></span> <span class='ocrx_word' id='word_1_287' title='bbox 469 4075 500 4122; x_wconf 83' lang='lat' dir='ltr'><strong>nt</strong></span> <span class='ocrx_word' id='word_1_288' title='bbox 522 4068 579 4123; x_wconf 89' lang='lat' dir='ltr'><strong>hoe</strong></span> <span class='ocrx_word' id='word_1_289' title='bbox 602 4071 640 4123; x_wconf 84' lang='lat' dir='ltr'><strong>ad</strong></span> <span class='ocrx_word' id='word_1_290' title='bbox 662 4073 801 4139; x_wconf 77' lang='lat' dir='ltr'><strong>sequentia</strong></span> <span class='ocrx_word' id='word_1_291' title='bbox 822 4077 967 4138; x_wconf 59' lang='lat' dir='ltr'><strong>spector-eb</strong></span> <span class='ocrx_word' id='word_1_292' title='bbox 993 4069 1123 4126; x_wconf 88' lang='lat' dir='ltr'><strong>ueniunt.</strong></span> <span class='ocrx_word' id='word_1_293' title='bbox 1146 4069 1374 4126; x_wconf 89' lang='lat' dir='ltr'><strong>hoc..uirtutis.</strong></span> <span class='ocrx_word' id='word_1_294' title='bbox 1414 4069 1443 4125; x_wconf 86' lang='lat' dir='ltr'><strong>Si</strong></span> 
     </span>
     <span class='ocr_line' id='line_1_37' title="bbox 295 4153 1442 4224; baseline 0 -15"><span class='ocrx_word' id='word_1_295' title='bbox 295 4156 393 4210; x_wconf 81' lang='lat' dir='ltr'><strong>Haase</strong></span> <span class='ocrx_word' id='word_1_296' title='bbox 411 4155 448 4222; x_wconf 80' lang='lat' dir='ltr'><strong>(et</strong></span> <span class='ocrx_word' id='word_1_297' title='bbox 464 4153 556 4218; x_wconf 74' lang='lat' dir='ltr'><strong>Koch)</strong></span> <span class='ocrx_word' id='word_1_298' title='bbox 573 4170 718 4222; x_wconf 72' lang='lat' dir='ltr'><strong>pronomen</strong></span> <span class='ocrx_word' id='word_1_299' title='bbox 737 4157 775 4210; x_wconf 85' lang='lat' dir='ltr'><strong>ad</strong></span> <span class='ocrx_word' id='word_1_300' title='bbox 792 4157 977 4211; x_wconf 69' lang='lat' dir='ltr'><strong>anucedanaa</strong></span> <span class='ocrx_word' id='word_1_301' title='bbox 993 4155 1149 4220; x_wconf 79' lang='lat' dir='ltr'><strong>referentes·</strong></span> <span class='ocrx_word' id='word_1_302' title='bbox 1212 4157 1244 4210; x_wconf 90' lang='lat'><strong>16</strong></span> <span class='ocrx_word' id='word_1_303' title='bbox 1260 4155 1442 4224; x_wconf 81' lang='lat' dir='ltr'><strong>praeualebit</strong></span> 
     </span>
     <span class='ocr_line' id='line_1_38' title="bbox 294 4238 1440 4311; baseline 0.003 -17"><span class='ocrx_word' id='word_1_304' title='bbox 294 4259 353 4310; x_wconf 56' lang='grc' dir='ltr'><strong>πμ</strong></span> <span class='ocrx_word' id='word_1_305' title='bbox 371 4238 541 4311; x_wconf 76' lang='lat' dir='ltr'><strong>puelemth</strong></span> <span class='ocrx_word' id='word_1_306' title='bbox 628 4239 661 4293; x_wconf 78' lang='lat'><strong>17</strong></span> <span class='ocrx_word' id='word_1_307' title='bbox 678 4245 712 4294; x_wconf 89' lang='lat' dir='ltr'><strong>ut</strong></span> <span class='ocrx_word' id='word_1_308' title='bbox 729 4241 834 4302; x_wconf 74' lang='lat' dir='ltr'><strong>addidi,</strong></span> <span class='ocrx_word' id='word_1_309' title='bbox 853 4241 902 4308; x_wconf 75' lang='lat' dir='ltr'><strong>cfr.</strong></span> <span class='ocrx_word' id='word_1_310' title='bbox 918 4258 947 4309; x_wconf 86' lang='lat' dir='ltr'><strong>p.</strong></span> <span class='ocrx_word' id='word_1_311' title='bbox 966 4243 1026 4310; x_wconf 75' lang='lat'><strong>279,</strong></span> <span class='ocrx_word' id='word_1_312' title='bbox 1046 4245 1081 4296; x_wconf 79' lang='lat'><strong>12</strong></span> <span class='ocrx_word' id='word_1_313' title='bbox 1099 4257 1137 4310; x_wconf 80' lang='lat' dir='ltr'><strong>sq.</strong></span> <span class='ocrx_word' id='word_1_314' title='bbox 1221 4242 1253 4296; x_wconf 89' lang='lat'><strong>18</strong></span> <span class='ocrx_word' id='word_1_315' title='bbox 1271 4243 1440 4311; x_wconf 75' lang='lat' dir='ltr'><strong>querensh,</strong></span> 
     </span>
     <span class='ocr_line' id='line_1_39' title="bbox 295 4323 1374 4396; baseline 0.001 -15"><span class='ocrx_word' id='word_1_316' title='bbox 295 4343 363 4382; x_wconf 79' lang='lat' dir='ltr'><strong>corr.</strong></span> <span class='ocrx_word' id='word_1_317' title='bbox 381 4344 426 4395; x_wconf 70' lang='lat' dir='ltr'><strong>up.</strong></span> <span class='ocrx_word' id='word_1_318' title='bbox 509 4325 541 4379; x_wconf 89' lang='grc'><strong>19</strong></span> <span class='ocrx_word' id='word_1_319' title='bbox 558 4323 589 4379; x_wconf 86' lang='lat' dir='ltr'><strong>in</strong></span> <span class='ocrx_word' id='word_1_320' title='bbox 607 4327 691 4380; x_wconf 81' lang='lat' dir='ltr'><strong>omitt.</strong></span> <span class='ocrx_word' id='word_1_321' title='bbox 711 4329 789 4381; x_wconf 81' lang='lat' dir='ltr'><strong>multi</strong></span> <span class='ocrx_word' id='word_1_322' title='bbox 806 4323 828 4383; x_wconf 88' lang='lat' dir='ltr'>D</span> <span class='ocrx_word' id='word_1_323' title='bbox 845 4333 877 4381; x_wconf 80' lang='lat' dir='ltr'><strong>ut</strong></span> <span class='ocrx_word' id='word_1_324' title='bbox 894 4327 1029 4381; x_wconf 56' lang='lat' dir='ltr'><strong>&amp;armus</strong></span> <span class='ocrx_word' id='word_1_325' title='bbox 1047 4335 1073 4382; x_wconf 79' lang='lat' dir='ltr'><strong>et</strong></span> <span class='ocrx_word' id='word_1_326' title='bbox 1087 4327 1210 4394; x_wconf 74' lang='lat' dir='ltr'><strong>praeime</strong></span> <span class='ocrx_word' id='word_1_327' title='bbox 1227 4343 1297 4396; x_wconf 77' lang='lat' dir='ltr'><strong>seqq.</strong></span> <span class='ocrx_word' id='word_1_328' title='bbox 1317 4327 1374 4382; x_wconf 77' lang='lat' dir='ltr'><strong>add.</strong></span> 
     </span>
     <span class='ocr_line' id='line_1_40' title="bbox 294 4409 1440 4483; baseline 0.001 -16"><span class='ocrx_word' id='word_1_329' title='bbox 294 4415 328 4467; x_wconf 82' lang='lat'><strong>21</strong></span> <span class='ocrx_word' id='word_1_330' title='bbox 348 4409 477 4466; x_wconf 84' lang='lat' dir='ltr'><strong>ciuitatis</strong></span> <span class='ocrx_word' id='word_1_331' title='bbox 496 4409 526 4474; x_wconf 80' lang='grc' dir='ltr'><strong>Α,</strong></span> <span class='ocrx_word' id='word_1_332' title='bbox 545 4428 615 4466; x_wconf 80' lang='lat' dir='ltr'><strong>corr.</strong></span> <span class='ocrx_word' id='word_1_333' title='bbox 633 4429 677 4480; x_wconf 67' lang='lat' dir='ltr'><strong>uo.</strong></span> <span class='ocrx_word' id='word_1_334' title='bbox 755 4411 880 4468; x_wconf 88' lang='lat' dir='ltr'><strong>honores</strong></span> <span class='ocrx_word' id='word_1_335' title='bbox 898 4417 982 4483; x_wconf 89' lang='lat' dir='ltr'><strong>petat</strong></span> <span class='ocrx_word' id='word_1_336' title='bbox 999 4419 1133 4467; x_wconf 82' lang='lat' dir='ltr'><strong>corrector</strong></span> <span class='ocrx_word' id='word_1_337' title='bbox 1149 4413 1232 4467; x_wconf 79' lang='lat' dir='ltr'><strong>unius</strong></span> <span class='ocrx_word' id='word_1_338' title='bbox 1250 4409 1271 4469; x_wconf 85' lang='lat' dir='ltr'>D</span> <span class='ocrx_word' id='word_1_339' title='bbox 1291 4421 1317 4468; x_wconf 76' lang='lat' dir='ltr'><strong>et</strong></span> <span class='ocrx_word' id='word_1_340' title='bbox 1333 4411 1440 4478; x_wconf 63' lang='lat' dir='ltr'><strong>Herm</strong></span> 
     </span>
    </p>
   </div>
   <div class='ocr_carea' id='block_1_6' title="bbox 295 4524 1439 4789">
    <p class='ocr_par' dir='ltr' id='par_1_6' title="bbox 295 4524 1439 4789">
     <span class='ocr_line' id='line_1_41' title="bbox 295 4524 1404 4620; baseline 0.001 -17"><span class='ocrx_word' id='word_1_341' title='bbox 295 4524 548 4620; x_wconf 61' lang='lat' dir='ltr'><strong>honore⁶s⁸pectat</strong></span> <span class='ocrx_word' id='word_1_342' title='bbox 566 4549 586 4605; x_wconf 81' lang='grc' dir='ltr'>Α</span> <span class='ocrx_word' id='word_1_343' title='bbox 605 4549 673 4616; x_wconf 78' lang='lat' dir='ltr'><strong>(uid</strong></span> <span class='ocrx_word' id='word_1_344' title='bbox 690 4548 778 4615; x_wconf 77' lang='lat' dir='ltr'><strong>fuisse</strong></span> <span class='ocrx_word' id='word_1_345' title='bbox 795 4529 1069 4620; x_wconf 69' lang='lat' dir='ltr'><strong>honore⁶dpeotat);</strong></span> <span class='ocrx_word' id='word_1_346' title='bbox 1087 4549 1211 4605; x_wconf 89' lang='lat' dir='ltr'><strong>honores</strong></span> <span class='ocrx_word' id='word_1_347' title='bbox 1229 4555 1345 4620; x_wconf 84' lang='lat' dir='ltr'><strong>spectet</strong></span> <span class='ocrx_word' id='word_1_348' title='bbox 1361 4567 1404 4620; x_wconf 68' lang='lat' dir='ltr'><strong>up.</strong></span> 
     </span>
     <span class='ocr_line' id='line_1_42' title="bbox 295 4633 1439 4704; baseline 0 -14"><span class='ocrx_word' id='word_1_349' title='bbox 295 4636 331 4690; x_wconf 83' lang='lat'><strong>24</strong></span> <span class='ocrx_word' id='word_1_350' title='bbox 357 4634 533 4704; x_wconf 88' lang='lat' dir='ltr'><strong>spectaculis</strong></span> <span class='ocrx_word' id='word_1_351' title='bbox 551 4635 573 4691; x_wconf 84' lang='grc' dir='ltr'>Α</span> <span class='ocrx_word' id='word_1_352' title='bbox 591 4642 724 4703; x_wconf 81' lang='lat' dir='ltr'><strong>corrupte,</strong></span> <span class='ocrx_word' id='word_1_353' title='bbox 750 4636 806 4689; x_wconf 73' lang='lat' dir='ltr'><strong>uid.</strong></span> <span class='ocrx_word' id='word_1_354' title='bbox 826 4633 903 4690; x_wconf 75' lang='lat' dir='ltr'><strong>saa.</strong></span> <span class='ocrx_word' id='word_1_355' title='bbox 922 4636 981 4690; x_wconf 78' lang='lat' dir='ltr'><strong>crit.</strong></span> <span class='ocrx_word' id='word_1_356' title='bbox 1001 4652 1030 4704; x_wconf 78' lang='lat' dir='ltr'><strong>p.</strong></span> <span class='ocrx_word' id='word_1_357' title='bbox 1049 4637 1107 4702; x_wconf 83' lang='lat'><strong>139,</strong></span> <span class='ocrx_word' id='word_1_358' title='bbox 1134 4637 1181 4690; x_wconf 68' lang='lat' dir='ltr'><strong>uec</strong></span> <span class='ocrx_word' id='word_1_359' title='bbox 1202 4635 1350 4691; x_wconf 83' lang='lat' dir='ltr'><strong>sodaliciis</strong></span> <span class='ocrx_word' id='word_1_360' title='bbox 1374 4634 1439 4690; x_wconf 81' lang='lat' dir='ltr'><strong>rcri-</strong></span> 
     </span>
     <span class='ocr_line' id='line_1_43' title="bbox 295 4719 1119 4789; baseline 0.001 -15"><span class='ocrx_word' id='word_1_361' title='bbox 295 4719 410 4774; x_wconf 83' lang='lat' dir='ltr'><strong>bendum</strong></span> <span class='ocrx_word' id='word_1_362' title='bbox 427 4735 484 4774; x_wconf 79' lang='lat' dir='ltr'><strong>esse</strong></span> <span class='ocrx_word' id='word_1_363' title='bbox 501 4721 658 4789; x_wconf 79' lang='lat' dir='ltr'><strong>suspicatus</strong></span> <span class='ocrx_word' id='word_1_364' title='bbox 676 4736 743 4788; x_wconf 82' lang='lat' dir='ltr'><strong>aum,</strong></span> <span class='ocrx_word' id='word_1_365' title='bbox 762 4721 832 4789; x_wconf 77' lang='lat' dir='ltr'><strong>quod</strong></span> <span class='ocrx_word' id='word_1_366' title='bbox 849 4723 931 4775; x_wconf 82' lang='lat' dir='ltr'><strong>etium</strong></span> <span class='ocrx_word' id='word_1_367' title='bbox 946 4736 1020 4776; x_wconf 77' lang='lat' dir='ltr'><strong>nuno</strong></span> <span class='ocrx_word' id='word_1_368' title='bbox 1037 4728 1119 4778; x_wconf 69' lang='lat' dir='ltr'><strong>bueo.</strong></span> 
     </span>
    </p>
   </div>
   <div class='ocr_carea' id='block_1_7' title="bbox 0 0 1596 5252">
    <p class='ocr_par' dir='ltr' id='par_1_7' title="bbox 0 0 1596 5252">
     <span class='ocr_line' id='line_1_44' title="bbox 0 0 1596 5252; baseline 0 3"><span class='ocrx_word' id='word_1_369' title='bbox 0 0 1596 5252; x_wconf 95' lang='lat' dir='ltr'><strong> </strong></span> 
     </span>
    </p>
   </div>
  </div>
 </body>
</html>
