3230 5258
361 428 402 468 aa
424 427 566 470 sarviam
588 425 716 466 seruus
739 425 780 464 os
802 425 1038 470 cossousrross.
1070 428 1099 466 x.
1241 401 1304 465 393
1322 425 1326 432 ·

146 595 178 657 si
215 594 256 658 ad
287 616 404 659 sanam
430 591 499 658 illis
527 601 675 658 mentem
703 592 838 678 placeat
865 593 1000 676 reuerti,
1035 592 1115 678 quid
1144 615 1229 678 opus
1254 599 1305 655 est

144 711 210 770 tot
242 704 371 770 artibus
404 702 517 769 uentri
551 701 801 768 seruientibus?
846 702 928 788 quid
960 703 1178 769 mercaturis?
1222 700 1303 788 quid

144 813 349 880 uastatione
372 813 557 878 siluarum?
580 812 662 898 quid
685 813 845 899 profimdi
863 812 1156 898 perscrutatione?
1179 813 1304 898 passim

145 921 269 988 iacent
304 921 473 1004 eluuonta,
507 943 594 1006 quae
627 944 741 988 rerum
772 929 893 988 natura
927 922 1083 988 omnibus
1116 920 1200 987 locis
1235 920 1302 986 dis-

116 1031 280 1118 sposuit,
315 1031 377 1096 sed
403 1031 489 1096 haec
517 1031 611 1098 uelut
634 1031 727 1097 oaoci
749 1038 927 1097 transeunt
950 1039 985 1097 et
1008 1053 1124 1096 omnes
1146 1030 1304 1116 regiones

147 1147 395 1228 peruagantur,
428 1141 534 1206 maria
561 1141 723 1206 traiciunt
752 1147 794 1225 ot,
830 1162 906 1206 oum
931 1138 1057 1206 famem
1081 1140 1203 1226 exiguo
1226 1161 1304 1226 pos-

148 1253 224 1317 sint
248 1250 376 1332 sedare,
399 1271 524 1336 magno
546 1248 697 1315 inritant.
742 1250 845 1315 Libet
868 1249 996 1316 dicere:
1034 1249 1143 1334 „Quid
1166 1249 1339 1319 deduci-6

148 1363 199 1427 tis
241 1360 369 1426 naues?
414 1359 496 1444 quid
528 1381 647 1425 manus
685 1367 719 1426 et
752 1359 915 1426 aduersus
948 1358 1038 1424 foras
1073 1365 1106 1423 et
1141 1357 1304 1424 aduersus

149 1469 311 1536 homines
346 1468 507 1534 armatis?
548 1468 628 1554 quid
662 1476 759 1534 tanto
793 1468 939 1534 tumultu
972 1467 1183 1534 discmritis?
1224 1466 1304 1553 quid

110 1607 137 1642 ιο
154 1601 242 1666 opes
272 1578 393 1664 opibus
421 1577 607 1662 adgeritis?
640 1599 708 1643 non
738 1577 839 1644 uoltis
869 1576 1036 1663 cogitare,
1071 1599 1171 1662 quarn
1199 1599 1305 1663 parua

152 1687 255 1754 uobis
278 1707 421 1773 corpora
443 1685 533 1752 sint?
555 1707 669 1755 nonne
691 1685 786 1752 furor
808 1693 843 1753 et
864 1687 1002 1752 ultimus
1025 1685 1190 1752 mentium
1213 1707 1306 1754 error

154 1803 219 1880 est,
243 1817 320 1862 cum
341 1803 411 1861 tam
434 1796 593 1880 exiguum
616 1796 739 1880 capias,
764 1817 888 1882 cupere
909 1795 1076 1862 multum?
1119 1795 1220 1861 Licet
1241 1789 1315 1860 ita?

154 1927 223 1990 que
253 1905 405 1990 augeatis
435 1925 565 1987 census,
599 1904 827 1989 promoueatis
850 1904 951 1970 fines:
985 1926 1168 1988 numquam
1190 1911 1305 1970 tamen

155 2035 300 2100 corpora
332 2019 448 2078 uestra
481 2011 649 2078 laxabitis.
706 2012 791 2079 Oum
819 2013 908 2078 bene
937 2013 1076 2080 cesserit
1104 2013 1303 2098 negotiatio

113 2151 139 2186 rs
155 2121 299 2188 multum
321 2120 443 2186 militia
463 2120 643 2205 rettulerit,
677 2143 754 2186 cum
775 2120 929 2208 indagati
952 2121 1100 2208 undique
1124 2121 1191 2186 cibi
1214 2123 1304 2188 ooie-
1403 2181 1404 2186 ,

153 2232 232 2314 rint,
260 2229 533 2312 nonhabebitis,
555 2228 615 2294 ubi
637 2229 722 2295 istos
745 2236 928 2316 apparatus
951 2237 1083 2296 uestros
1107 2229 1303 2297 conlocatis.

155 2338 246 2418 Quid
269 2345 338 2403 tam
360 2337 466 2403 multa
488 2339 711 2424 conquiritis?
755 2337 895 2405 Scilicet
916 2339 1061 2404 maiores
1078 2340 1196 2423 nostri,
1221 2363 1303 2425 quo·
1322 2349 1338 2403 1

153 2471 229 2514 rum
263 2448 370 2513 uirtus
405 2447 507 2512 etiam
538 2469 629 2513 nunc
661 2447 744 2513 uitia
776 2455 895 2514 nostra
929 2454 1110 2532 sustentat,
1150 2447 1304 2516 infelices

155 2561 262 2638 erant,
298 2555 355 2640 qui
389 2555 453 2620 sibi
487 2577 588 2622 manu
619 2579 679 2622 sua
708 2557 875 2644 parabant
906 2557 1027 2639 cibum,
1061 2558 1184 2642 quibus
1213 2566 1305 2623 terra

113 2694 140 2731 so
155 2663 268 2730 cubile
291 2671 373 2746 erat,
396 2685 539 2749 quorum
560 2672 655 2730 tecta
676 2665 826 2731 nondum
850 2687 931 2731 auro
948 2665 1138 2751 fulgebant,
1162 2688 1304 2752 quorum

153 2772 282 2859 templa
311 2771 462 2839 nondum
485 2774 627 2859 gemmis
650 2775 821 2858 nitebant;
855 2775 971 2859 itaque
994 2780 1076 2839 tuno
1098 2796 1160 2860 per
1181 2774 1304 2840 fictiles

155 2882 238 2949 deos
260 2881 419 2967 religiose
441 2882 630 2948 iurabatur:
655 2882 713 2967 qui
734 2881 812 2948 illos
832 2883 1086 2966 inuocauerunt,
1110 2883 1152 2948 ad
1170 2882 1305 2949 hostem

153 2990 317 3073 morituri,
339 3013 383 3056 ne
405 2988 573 3076 fallerent,
595 2990 762 3056 redibant.
809 2989 947 3056 Scilicet
963 2991 1074 3056 minus
1091 2991 1193 3058 beate
1211 2993 1303 3057 uiue·
1321 3003 1339 3056 8

153 3101 215 3167 bat
248 3100 395 3166 dictator
426 3107 552 3182 noster,
588 3101 645 3186 qui
673 3098 876 3165 Samnitium
908 3100 1041 3186 legatos
1076 3099 1193 3184 audiit,
1228 3123 1304 3166 oum

114 3208 353 3278 nudissimum
386 3208 500 3290 cibum
532 3210 569 3274 in
600 3207 679 3275 foco
712 3209 786 3295 ipse
816 3231 919 3274 manu
949 3230 1010 3274 sua
1040 3216 1202 3292 uersaret,
1235 3208 1303 3292 illa,

154 3341 222 3405 qua
247 3319 316 3384 iam
345 3341 447 3405 saepe
475 3317 607 3385 hostem
630 3325 846 3404 percusserat
867 3318 1085 3404 laureamque
1107 3319 1143 3383 in
1166 3318 1302 3404 Capito·

152 3427 212 3494 lini
224 3427 317 3493 Iouis
340 3429 471 3513 gremio
493 3435 702 3514 reposuerat,
725 3449 827 3513 quam
838 3425 979 3512 Apicius
1002 3432 1120 3493 nostra
1141 3427 1303 3492 memoria

153 3536 250 3620 uixit,
284 3538 340 3621 qui
367 3537 403 3601 in
432 3559 473 3602 ea
499 3536 593 3620 urbe,
629 3558 670 3600 ex
697 3558 765 3621 qua
787 3534 969 3621 aliquando
991 3533 1187 3623 philosophi
1209 3535 1304 3602 uelut

154 3651 371 3732 corruptores
399 3645 586 3711 iuuentutis
609 3643 703 3710 abire
724 3644 808 3709 iussi
831 3651 921 3738 sunt,
954 3644 1132 3710 scientiam
1154 3645 1301 3731 popinae

155 3991 169 4042 1
196 3987 256 4042 illis
274 4005 331 4057 uoq
358 3987 441 4044 illis
543 3989 561 4042 2
587 3987 656 4057 quid
674 3986 847 4043 mercaturis
866 4005 909 4055 up.
927 3987 992 4041 inde
1010 3989 1044 4042 ab
1063 3987 1195 4054 Eroaerro;
1223 3987 1301 4056 quod

153 4065 272 4130 mereat
290 4073 355 4130 ish
424 4075 441 4127 4
459 4072 604 4142 disposuit
622 4071 656 4140 l3
675 4071 812 4142 deposuit
829 4073 887 4128 cdd.
906 4081 976 4128 certe
993 4075 1055 4128 inde
1072 4073 1107 4127 ab
1125 4091 1151 4128 a.
1170 4074 1246 4128 1673:

153 4159 171 4213 6
188 4157 265 4213 fame
284 4158 420 4227 mexigno
438 4158 478 4223 Ν,
497 4160 545 4214 aad
562 4161 636 4214 linea
651 4161 795 4226 perforato
812 4160 899 4214 altero
917 4177 945 4212 m
964 4175 1032 4213 corr.
1051 4160 1117 4224 sort.
1128 4158 1161 4215 A*
1177 4159 1208 4212 ia
1226 4159 1303 4212 t'ame

154 4243 279 4314 „exiguo
333 4246 365 4299 10
382 4243 564 4314 sygeritisl⁵
615 4243 747 4301 ιιιιΙιὶεΑδ
801 4245 833 4299 12
846 4238 940 4299 multu
949 4243 979 4312 l,
996 4261 1052 4300 non
1067 4245 1167 4311 multa,
1186 4243 1304 4299 -ιιιΚοσΙι

153 4331 229 4398 dicit,
256 4334 303 4399 qui
328 4337 389 4386 tam
414 4329 539 4386 multum
566 4331 651 4385 scribi
671 4332 732 4385 uult
753 4338 863 4398 pratea*
886 4346 989 4384 amaon
1007 4333 1200 4396 crassitatem.
1347 4401 1350 4411 Ι

156 4419 187 4472 14
205 4416 341 4472 laxabitis
352 4416 384 4473 l·
436 4416 624 4486 cesserituy.;
643 4415 799 4486 gesseritl
853 4417 885 4470 18
901 4423 965 4484 post
973 4415 1106 4473 infelices
1116 4417 1187 4472 aaa
1196 4434 1304 4472 erasum

154 4503 570 4570 estsedmemhronacorrupto.
622 4503 656 4557 21
666 4501 886 4572 itaq;t;maltm
896 4503 977 4571 atqui
1021 4501 1302 4573 24qui4samnitium

154 4589 201 4656 Αὓς
228 4588 294 4658 quis
321 4587 474 4644 amnitium
493 4587 523 4644 r
628 4587 722 4642 audiit
746 4587 874 4643 Piscator
900 4589 977 4656 apud
996 4589 1148 4643 muranum
1165 4595 1192 4643 et
1205 4597 1303 4656 postca

154 4675 322 4746 Heueiaper;
340 4673 422 4731 audit
439 4673 460 4732 Α
563 4677 597 4730 26
616 4673 766 4744 capitolini
784 4675 805 4730 Α
824 4673 845 4740 (i
863 4675 979 4730 clunem
996 4679 1027 4729 ia
1044 4691 1100 4730 raa
1120 4691 1153 4728 m.
1173 4678 1188 4731 1
1203 4691 1256 4744 pro
1274 4675 1302 4743 a)

256 4761 289 4814 27
308 4761 437 4830 gremio*
463 4769 628 4831 reposuerat
647 4760 692 4829 rt⁵;
710 4759 853 4830 gremiors
872 4767 1010 4830 posuerat
1027 4762 1057 4818 Α]
