3222 5246
506 417 546 456 nn
568 417 621 456 mn
643 417 704 456 mu.
729 415 749 470 1,
772 415 946 456 xvi-xvir.
1185 447 1187 454 ,
1263 393 1304 456 69

164 578 246 643 illius
267 580 384 663 itaque
408 579 591 644 sumendus
615 589 667 644 est
691 580 831 662 animus,
855 601 940 664 quae
964 601 1033 644 non
1056 581 1220 664 irascitur,
1245 581 1306 646 sed

163 688 346 754 constituit.
409 689 495 754 Nam
529 689 557 752 si
589 688 680 754 bono
714 689 787 754 uiro
822 688 865 754 cb
900 687 988 753 mula
1021 687 1173 754 facinora
1205 689 1307 754 irasci

162 796 329 880 conuenit,
365 805 400 860 et
431 797 474 861 ob
503 797 670 864 secundas
692 821 746 862 res
769 798 934 862 malorum
956 796 1130 862 hominum
1152 798 1305 863 inuidere

162 905 356 987 conueniet;
381 903 462 992 quid
485 905 576 970 enim
599 915 651 972 est
667 907 838 991 indignius
857 927 958 991 quam
975 905 1096 972 florere
1108 911 1128 986 †
1141 907 1307 991 quosdam

137 1021 195 1078 set
227 1035 286 1078 eos
319 1013 533 1100 induigentia
565 1014 722 1080 fortunae
758 1014 866 1097 abuti,
913 1014 1035 1099 quibus
1068 1015 1161 1080 nulla
1193 1023 1308 1101 potest

160 1123 240 1188 satis
268 1123 360 1187 mala
386 1123 531 1188 inueniri
559 1121 719 1189 fortuna?
775 1122 844 1187 Sed
872 1131 941 1188 tam
970 1123 1147 1189 commoda
1174 1123 1308 1190 illorum

159 1231 230 1296 sine
258 1231 390 1296 inuidia
417 1231 549 1297 uidebit
577 1253 678 1317 quam
707 1231 836 1297 scelere
865 1233 938 1297 sine
966 1233 1030 1314 ira;
1067 1235 1176 1298 bonus
1204 1232 1307 1298 iudex

159 1339 298 1406 damnat
330 1340 564 1426 improbanda,
599 1363 668 1406 non
699 1341 780 1406 odit.
838 1339 947 1424 „Quid
979 1344 1084 1426 ergo?
1117 1363 1196 1425 non,
1231 1351 1340 1406 cumr

159 1447 325 1514 eiusmodi
359 1448 488 1534 aliquid
521 1451 656 1535 sapiens
690 1448 831 1514 habebit
864 1450 897 1514 in
931 1449 1103 1534 manibus,
1147 1457 1308 1537 tangetur

123 1581 145 1614 1⁰
158 1557 290 1623 animus
320 1559 391 1623 eius
421 1559 552 1643 eritque
582 1559 683 1624 solito
713 1557 955 1624 commotior?“
1008 1559 1148 1624 Fateor:
1184 1559 1308 1623 sentiet

157 1666 267 1732 leuem
291 1665 462 1752 quendum
484 1674 690 1752 tenuemque
713 1673 857 1748 motum,
891 1689 979 1750 nam,
1014 1673 1053 1731 ut
1075 1667 1157 1732 dicit
1179 1669 1306 1752 Zenon,

157 1778 190 1840 in
213 1776 377 1862 sapientis
400 1796 536 1862 quoque
559 1777 681 1858 animo,
705 1776 808 1840 etiam
831 1797 907 1840 cum
930 1775 1052 1840 uulnus
1076 1785 1231 1842 sanatum
1245 1786 1305 1854 est,

158 1885 298 1950 cicatrix
330 1891 455 1950 munet.
512 1883 645 1950 Sentiet
677 1886 792 1969 itaque
827 1884 1037 1969 suspiciones
1072 1884 1237 1969 quasdam
1271 1893 1306 1949 et

158 1993 294 2059 umbras
317 1992 519 2077 affectuum
541 1977 624 2080 ipsis
648 1993 785 2079 quidem
809 1993 946 2058 carebit.

122 2129 144 2165 n
238 2101 356 2168 XVII.
400 2101 602 2168 Aristoteles
632 2102 680 2166 eit
708 2101 848 2166 affectus
877 2102 1051 2186 quosdam,
1087 2101 1115 2166 si
1138 2101 1214 2186 quis
1236 2100 1338 2166 illisl

156 2211 243 2276 bene
274 2217 401 2294 utatur,
435 2213 504 2296 pro'
520 2212 620 2276 armis
645 2233 735 2293 esse3
771 2209 861 2294 quod
885 2231 1004 2275 uerum
1027 2208 1124 2293 foret,
1160 2211 1186 2273 si
1211 2208 1307 2274 uelut

156 2319 279 2384 bellica
322 2319 550 2385 instrumenta
589 2321 675 2385 sumi
715 2319 908 2405 deponique
950 2326 1092 2405 possent
1131 2319 1305 2384 induentis

158 2427 312 2494 arbitrio:
347 2425 432 2492 haec
456 2450 556 2512 arma,
581 2450 668 2513 quae
690 2428 894 2494 Aristoteles
916 2428 1034 2494 uirtuti
1058 2428 1132 2512 dat„
1150 2429 1223 2514 ipsa
1244 2451 1306 2514 per

158 2559 192 2602 se
215 2545 379 2622 pugnant,
402 2559 471 2602 non
495 2545 677 2623 expectant
698 2559 844 2620 manum,
868 2545 903 2603 et
923 2537 1062 2621 habent,
1085 2557 1154 2602 non
1176 2535 1304 2602 haben-

124 2655 219 2711 utur.
276 2645 332 2710 Nil
363 2643 436 2710 aliis
464 2646 698 2712 instrumentis
727 2668 812 2733 opus
841 2654 909 2730 est,
943 2647 1025 2712 satis
1054 2667 1116 2711 nos
1146 2646 1339 2713 instruxit‘z
1429 2629 1453 2645 ⁷

157 2755 285 2820 ratione
313 2760 448 2820 natura:
482 2754 548 2820 hoc
577 2755 672 2820 dedit
693 2757 800 2821 telum
821 2754 963 2838 firmum,
998 2762 1209 2841 perpetuum,
1245 2756 1304 2820 ob-

158 2885 312 2948 sequens
340 2885 403 2928 nec
427 2885 553 2950 anceps
575 2887 640 2930 nec
663 2864 754 2950 quod
775 2865 811 2929 in
833 2863 1007 2930 dominum
1028 2864 1156 2928 remitti
1179 2871 1304 2949 posset.

158 2972 231 3038 Non
260 2971 304 3037 ed
333 2970 581 3058 prouidendum
609 2979 750 3056 tantum,
786 2972 847 3038 sed
876 2971 918 3037 ad
945 2993 1000 3036 res
1027 2972 1195 3056 gerendas
1224 2975 1304 3038 satis

159 3087 209 3144 est
230 3101 292 3166 per
314 3102 350 3144 se
373 3080 448 3166 ipsa
469 3081 571 3164 rati03
607 3082 732 3146 etenim
756 3081 836 3166 quid
861 3087 912 3146 est
935 3081 1071 3145 stultius
1095 3103 1196 3165 quam
1218 3081 1305 3147 hanc

125 3189 198 3254 aab
227 3187 401 3254 iracundia
432 3195 549 3274 petere
578 3190 792 3276 praesidium,
822 3211 894 3255 rem
921 3187 1078 3254 stabilem
1101 3189 1144 3258 ab
1168 3191 1305 3273 incerta,

158 3297 292 3364 fidelem
321 3298 363 3362 ab
391 3297 507 3382 infida,
541 3322 657 3390 sanam
685 3299 727 3364 ab
752 3304 875 3384 aegre?
931 3297 1030 3382 Quid,
1065 3299 1157 3382 quod
1185 3303 1229 3366 ad
1249 3312 1339 3364 ac-3

159 3408 267 3472 tiones
302 3427 451 3492 quoque,
486 3409 521 3472 in
554 3408 676 3493 quibus
705 3408 786 3474 solis
817 3429 921 3494 opera
948 3407 1142 3473 iracundiae
1171 3408 1307 3473 uidetur

158 3515 357 3598 necessaria,
391 3515 498 3580 multo
532 3539 593 3602 per
626 3539 662 3582 se
695 3518 781 3582 ratio
815 3516 936 3585 fortior
970 3521 1045 3582 est?
1109 3516 1196 3582 Nam
1230 3539 1306 3582 cum

158 3624 320 3691 iudicauit
346 3623 473 3709 aliquid
501 3623 704 3707 iaciendum,
736 3625 772 3690 in
802 3649 841 3691 eo
864 3633 1076 3712 perseuerat3
1110 3623 1193 3689 nihil
1217 3626 1306 3690 enim

126 3733 276 3799 amelius
310 3734 492 3798 inuentum
526 3741 578 3799 est
611 3757 647 3798 se
680 3735 768 3820 ipsa,
814 3756 880 3820 quo
914 3741 1081 3800 mutetur:
1125 3734 1202 3800 ideo
1238 3741 1306 3799 stat

158 3841 261 3908 semel
300 3842 503 3908 constitutis.
565 3843 654 3908 Iram
693 3865 794 3928 saepe
829 3842 1060 3908 misericordia
1092 3850 1183 3908 retro
1219 3844 1340 3928 egit34

158 4068 172 4120 t
199 4065 303 4122 florere
329 4065 439 4136 quosdd
464 4067 489 4120 d:
511 4085 561 4122 eos
583 4067 604 4124 A
623 4062 655 4134 L;
682 4066 731 4121 sed
747 4073 797 4122 aut
819 4084 868 4121 ecs
893 4065 1204 4121 contaminanatus
1221 4081 1306 4128 error,

157 4153 218 4218 sort
236 4151 267 4207 in
293 4153 375 4206 uerbo
401 4152 549 4222 quosdam,
579 4156 652 4208 latet
705 4151 751 4205 An
773 4153 872 4206 scribd.
890 4149 1002 4215 florere,
1030 4169 1103 4220 quos
1122 4150 1248 4214 damnes,
1277 4155 1306 4204 et

158 4237 239 4294 eos?
344 4239 361 4290 6
388 4237 547 4294 ccmodart
651 4239 668 4292 8
701 4236 870 4306 tpbandud
976 4239 1007 4290 10
1026 4235 1203 4291 admotiorA

265 4335 279 4362 Β

160 4377 190 4431 18
215 4375 429 4448 queristetelea
448 4375 638 4440 censuum
701 4377 736 4428 20
754 4361 899 4431 instruit-A
968 4377 1002 4428 21
1021 4374 1132 4430 ratione
1143 4370 1162 4429 L
1173 4378 1199 4427 cl
1215 4373 1267 4426 alii
1283 4369 1304 4428 D

159 4460 426 4532 circumuenit
529 4463 564 4516 24
581 4462 701 4517 stultius
719 4461 755 4518 Α1
776 4461 834 4528 (ius
852 4461 1024 4516 euiscerat
1127 4460 1161 4512 26
1178 4459 1305 4526 ubaegre

158 4548 202 4615 Αῑ,
229 4549 278 4604 sed
303 4547 426 4602 radendo
449 4547 509 4602 ulia
526 4563 596 4600 nrum
614 4550 682 4615 fecit
699 4549 827 4617 abffegra
930 4545 1006 4612 Quid
1025 4543 1101 4614 qued
1119 4543 1156 4598 ad
1174 4544 1304 4600 actiones

63 4677 69 4688 ·
159 4647 224 4706 Lu
241 4667 297 4720 up.;
316 4649 432 4720 Quidqd
451 4650 620 4706 notionesri
702 4649 734 4704 31
752 4635 812 4704 mia
829 4648 849 4704 Α
867 4649 931 4720 (pro
950 4645 1156 4710 misericordia,
1174 4649 1305 4703 ueletiam

159 4737 234 4802 alibi)
338 4735 490 4805 retrolegit
508 4735 587 4792 A'·²
