3176 5248
360 379 401 421 An
416 380 565 422 usnemu
589 383 629 422 nu
651 381 889 440 corsonsrroun,
911 383 1034 422 m-1r.
1210 357 1271 418 169

201 543 267 611 IV.
312 545 383 610 Nec
406 553 440 610 te
459 545 502 610 ad
518 543 659 612 fortiora
677 546 799 612 ducam
816 551 1009 632 praecepta,
1032 549 1069 609 ut
1087 543 1270 610 inhumano
1292 562 1306 615 1

117 653 205 719 ferre
240 653 391 720 humana
423 656 560 721 iubeam
588 655 707 740 modo,
739 663 778 721 ut
804 657 876 742 ipso
906 654 1043 720 funebri
1071 653 1126 718 die
1155 639 1271 718 oculos

115 763 236 829 matris
270 765 427 831 exiccem.
488 764 545 829 Ad
572 765 736 830 arbitrum
765 771 878 830 tecum
906 765 1055 830 ueniam:
1090 761 1156 828 hoc
1183 763 1274 828 inter

114 894 177 938 nos
208 879 405 959 quaeretur,
438 881 551 940 utrum
578 896 722 962 magnus
751 873 850 941 dolor
879 896 952 940 esse
983 873 1108 938 debeat
1130 894 1174 938 an
1195 894 1272 958 per·

92 987 255 1068 spetuus.
307 983 385 1048 Non
408 983 535 1068 dubito,
561 984 643 1069 quin
665 983 772 1049 Iuliae
795 983 984 1070 Augustae,
1006 1003 1107 1068 quem
1128 979 1307 1047 familia-2

115 1091 199 1156 riter
236 1091 383 1177 coluisti,
417 1092 525 1178 magis
558 1092 623 1158 tibi
654 1093 790 1179 placeat
823 1091 1028 1180 exemplum:
1069 1089 1129 1156 illa
1161 1095 1195 1156 te
1230 1088 1274 1154 ad

116 1221 217 1265 suum
242 1201 423 1268 consilium
443 1206 556 1267 uocat.
601 1201 667 1267 Illa
683 1203 720 1268 in
737 1203 846 1289 primo
866 1199 1011 1286 feruore,
1036 1221 1113 1265 cum
1128 1199 1272 1265 maxime

114 1308 329 1396 inpatientes
351 1309 553 1396 ferocesque
576 1317 656 1376 sunt
677 1311 843 1395 miseriae,
867 1309 1099 1376 consolandam
1121 1330 1154 1374 se
1170 1307 1272 1393 Areo,

114 1417 327 1507 philosopho
349 1419 415 1484 uiri
437 1419 499 1504 sui,
522 1419 680 1506 praebuit
703 1425 738 1484 et
759 1419 903 1485 multum
922 1440 997 1484 eam
1014 1439 1087 1483 rem
1104 1415 1272 1504 profuisse

81 1547 103 1584 1⁰
117 1525 185 1591 sibi
215 1526 376 1594 confessa
409 1530 492 1614 (eat),
526 1528 601 1615 plus
630 1551 732 1614 quam
752 1528 915 1615 populum
936 1527 1138 1610 Romanum,
1173 1548 1273 1612 quem

115 1635 263 1702 nolebat
291 1637 424 1702 tristem
446 1638 585 1702 tristitia
607 1660 668 1703 sua
689 1636 813 1722 facere,
847 1637 923 1723 plus
947 1658 1048 1721 quam
1069 1634 1272 1722 Augustum,

117 1745 175 1828 qui
194 1745 366 1810 subducto
385 1744 491 1811 altero
510 1745 714 1812 adminiculo
732 1746 905 1811 titubabat
921 1767 985 1810 nec
1001 1744 1096 1810 luctu
1114 1743 1123 1828 ΙΙ
1135 1765 1272 1810 suorum
1289 1752 1338 1808 fol.
1356 1750 1428 1808 407.

116 1853 337 1921 inclinandus
361 1863 443 1940 erat,
476 1856 678 1941 plusquam
699 1853 873 1920 Tiberium
894 1853 1010 1938 filium,
1045 1852 1139 1918 cuius
1162 1852 1272 1938 pietas

119 1961 305 2048 efficiebat,
340 1971 379 2029 ut
411 1965 448 2028 in
479 1964 537 2030 iilo
573 1949 696 2028 acerbo
731 1969 766 2028 et
800 1962 924 2028 defleto
958 1961 1119 2048 gentibus
1151 1959 1272 2026 funere

84 2069 205 2137 anihil
235 2073 302 2138 sibi
327 2072 396 2138 nisi
422 2094 598 2138 numerum
621 2072 741 2138 deesse
764 2071 915 2138 sentiret.
969 2071 1046 2157 Hic,
1080 2075 1119 2135 ut
1142 2070 1308 2156 opinor,3

119 2179 234 2246 aditis
267 2181 317 2246 illi
348 2179 429 2266 fuit,
462 2180 529 2247 hoc
562 2181 766 2268 principium
793 2180 885 2267 apud
910 2179 1073 2246 feminam
1103 2178 1272 2265 opinionis

120 2311 201 2356 suae
237 2290 415 2356 custodem
448 2289 758 2376 diligentissimam:
804 2289 941 2375 „Usque
973 2289 1010 2354 in
1042 2287 1132 2354 hunc
1167 2287 1272 2372 diem,

118 2395 217 2484 Iulia,
243 2405 407 2486 quantum
430 2399 567 2486 quidem
590 2421 654 2486 ego
678 2399 791 2484 sciam,
816 2398 976 2464 adsiduus
998 2397 1064 2464 uiri
1080 2398 1132 2463 tui
1149 2418 1273 2482 comes,

121 2508 175 2572 cui
209 2531 280 2574 non
313 2515 446 2574 tantum
474 2508 624 2595 quaein
651 2507 826 2596 publicum
854 2507 1053 2572 emittuntur
1080 2513 1178 2590 nota,
1212 2506 1274 2572 sed

86 2633 108 2670 ιο
122 2606 241 2684 omnes
264 2625 344 2683 sunt
366 2617 567 2684 secretiores
591 2617 778 2684 animorum
793 2623 985 2682 uestrorum
1002 2623 1124 2700 motus,
1148 2615 1273 2680 dedisti

121 2745 272 2812 operam,
306 2749 351 2792 ne
374 2727 456 2812 quid
479 2732 579 2811 essct,
609 2726 700 2812 quod
720 2725 757 2790 in
779 2732 813 2790 te
837 2726 1015 2811 quisquam
1036 2707 1271 2810 reprenderet3

120 2853 184 2900 nec
214 2835 250 2900 id
273 2835 310 2900 in
332 2836 516 2903 maioribus
539 2835 640 2901 modo
664 2834 864 2919 obseruasti,
898 2833 960 2900 sed
980 2833 1017 2898 in
1039 2832 1195 2916 minimis,
1227 2854 1272 2896 ne

122 2943 203 3027 quid
233 2943 375 3030 faceres,
411 2944 465 3010 oui
495 2943 629 3028 famam,
664 2943 869 3010 laberrimam
897 2941 1087 3028 principum
1114 2939 1271 3024 iudicem,

123 3235 136 3288 1
155 3235 315 3291 inhumano
335 3236 473 3302 Mantum
497 3235 624 3290 humano
643 3235 664 3293 A
683 3235 821 3302 (humana
839 3234 915 3290 ferre
934 3231 1092 3288 inhumano
1111 3228 1137 3301 F,
1155 3238 1187 3286 ut
1204 3234 1273 3308 copi.

123 3318 289 3388 Hactenus)
375 3321 474 3390 dipso
493 3319 511 3377 F
528 3328 560 3376 ut
576 3337 633 3390 αμς
652 3321 713 3391 ipse
733 3320 753 3376 A
839 3319 1016 3374 Sorbitrum
1034 3335 1092 3386 uqa
1110 3316 1275 3374 arbitritd

225 3409 241 3462 7
260 3408 385 3477 maxime
404 3405 433 3473 Α,
452 3423 519 3461 corr.
538 3425 582 3476 oy.
684 3407 702 3460 8
720 3404 929 3462 consolandam
947 3423 978 3458 se
996 3405 1074 3458 Areo
1094 3403 1213 3471 Maduty
1230 3403 1274 3470 (se

124 3493 332 3549 consolandam
349 3493 427 3546 Areo
444 3491 621 3559 recianus„
641 3492 811 3546 cousulareo
821 3491 855 3558 Α;
872 3505 996 3544 mancam
1014 3490 1181 3556 scripturam
1197 3489 1274 3544 codd.

122 3577 183 3635 dett.
203 3582 272 3633 mire
295 3580 491 3646 deprecor-unt,
520 3579 653 3634 editorum
675 3577 750 3632 alim
767 3577 850 3631 aliter
870 3577 901 3630 in
918 3576 1031 3629 eandem
1048 3574 1211 3628 carentiam
1228 3589 1273 3626 ec·

119 3665 239 3730 plemma.
335 3664 554 3734 9philosophio
573 3663 601 3728 A,
620 3679 689 3718 corr.
707 3679 771 3732 up·
846 3659 963 3731 prebuit
981 3666 1011 3714 et
1028 3661 1122 3714 multu
1139 3657 1274 3727 meamd

227 3753 259 3804 10
283 3759 329 3806 est
353 3751 417 3804 add.
437 3748 454 3806 F
472 3757 503 3804 ut
519 3765 563 3817 ²¹9·
581 3765 614 3802 ex
632 3749 698 3802 aliie
716 3745 745 3814 b,
777 3748 847 3818 qaod
869 3763 929 3800 cum
947 3745 967 3801 A
987 3761 1041 3799 non
1064 3745 1174 3800 haberet
1197 3745 1274 3811 (nam

123 3845 200 3892 errat
217 3835 314 3904 Koch).
335 3843 445 3904 etpost
461 3834 597 3905 praebuit
615 3835 757 3888 &lendum
774 3831 875 3887 conset
894 3830 971 3885 stud.
990 3833 1049 3884 crit.
1064 3847 1093 3897 p.
1113 3831 1170 3884 106.

123 3939 227 4010 popim
245 3938 330 3995 ΕΑ
423 3938 455 3991 13
472 3921 630 4007 pietatisd
724 3937 755 3988 16
773 3934 882 4004 aputA
971 3932 1002 3984 17
1021 3930 1275 3999 diligentissimam

124 4019 141 4079 F
163 4033 196 4079 ut
218 4041 278 4094 cqc
305 4023 602 4093 diligentissimum
706 4021 740 4073 18
761 4019 844 4074 Julia
860 4019 894 4085 Α;
924 4016 1010 4070 Liuia
1032 4014 1049 4073 F
1071 4023 1102 4070 ut
1123 4031 1175 4084 up,
1203 4017 1276 4083 quod

124 4125 191 4166 rane
208 4111 344 4178 scriptum
362 4112 488 4176 oportuit,
512 4125 572 4163 cum
589 4108 675 4161 Muta
692 4106 724 4159 id
741 4107 870 4172 terporis
888 4103 1007 4156 nondum
1025 4102 1107 4156 «Iulia
1125 4107 1205 4166 essen
1228 4101 1276 4153 scd

124 4195 227 4252 emeca
253 4197 315 4251 eine
340 4195 426 4250 datio
451 4197 509 4262 ipae
536 4192 618 4248 Julia
649 4191 766 4258 scripsit,
796 4205 852 4256 uec,
883 4195 913 4241 ut
939 4189 1045 4255 opinor,
1077 4186 1158 4240 aliter
1182 4184 1275 4249 facere

121 4290 239 4348 poterat,
266 4297 329 4336 cum
350 4297 409 4335 eam
429 4281 514 4348 poulo
537 4285 602 4334 ante
618 4277 723 4332 «Iuliam
741 4277 895 4342 Auqrwtam
918 4277 1052 4326 uocasset.
1155 4268 1212 4323 uiri
1230 4269 1275 4324 tui

125 4385 166 4437 up.
184 4369 250 4422 inde
269 4369 304 4421 at
322 4367 456 4432 nrm
474 4363 595 4419 uirtutis
612 4363 634 4418 Α
705 4362 737 4415 19
754 4359 929 4416 emittuntur
947 4353 965 4412 F
983 4362 1014 4409 ut
1030 4371 1078 4424 up:
1097 4354 1275 4410 emittuntt

225 4455 261 4508 20
288 4469 389 4506 omnes
413 4457 483 4504 suut
505 4450 527 4505 Α
550 4448 675 4502 liberiore
696 4445 840 4501 corbonan
863 4441 966 4506 ordine,
992 4440 1026 4494 de
1047 4455 1100 4508 quo
1121 4443 1172 4504 cfr.
1196 4439 1274 4494 Stud.

124 4538 181 4593 crit.
195 4555 226 4606 p.
244 4539 293 4598 31;
323 4543 392 4590 suut
409 4553 459 4590 οηι.
479 4533 511 4601 Ρ;
538 4541 608 4587 nota
630 4537 699 4584 sunt
722 4529 774 4585 sed
792 4545 891 4582 omnes
909 4543 1023 4596 quoque
1041 4541 1086 4592 up.
1100 4532 1164 4592 post
1182 4524 1272 4578 Eras-

123 4641 202 4679 mwm.
309 4623 344 4675 21
370 4626 456 4690 opem
477 4619 589 4674 insolito
613 4633 659 4670 nec
676 4623 747 4670 recto
765 4612 921 4682 compmdio
950 4623 1010 4677 [pro
1029 4613 1122 4680 opum)
1150 4610 1172 4665 Α

123 4711 157 4764 ῒό
173 4707 356 4765 liberrimam
374 4724 418 4776 uo.
436 4707 499 4760 inde
515 4705 551 4760 ab
569 4701 702 4768 Erosnw3
720 4698 896 4754 uberrimam
913 4695 936 4752 Α
