3182 5252
291 343 332 384 sn
355 343 497 386 susurru
518 345 560 386 nn
582 343 851 394 msucvsnmrsrn
874 343 974 396 1111111,
1005 346 1136 388 v1-v11.
1223 323 1285 388 281

149 509 278 594 negotis
308 530 408 593 quam
435 505 583 574 fecunda
611 509 821 594 multumque
847 507 1066 594 negotiorum
1087 509 1217 579 ierunt:
1252 519 1287 578 et

148 613 224 682 haec
245 614 447 702 refugienda
469 622 557 700 sunt,
581 639 622 682 ex
645 617 765 702 quibus
789 640 879 684 noue
897 618 1075 704 occupatio
1093 619 1286 706 multiplex·

147 746 207 809 que
233 731 404 810 nascetur,
438 747 502 790 nec
531 726 762 792 accedendum
791 748 848 810 eo,
881 727 971 792 unde
998 726 1086 793 liber
1112 751 1288 815 regressus

143 855 207 899 non
237 833 296 918 sit;
336 833 377 898 iis
411 834 626 900 admouenda
657 841 874 920 manasset,
917 858 1061 922 quorum
1093 835 1196 902 finem
1230 843 1288 903 aut

120 922 248 1007 sfsosre
281 948 339 1006 aut
368 949 460 1008 certe
489 965 626 1029 sperare
655 944 776 1028 possis,
808 944 1042 1030 relinquenda,
1077 967 1163 1030 quee
1185 945 1286 1011 latius

141 1056 215 1114 sota
235 1035 428 1136 procedunt
449 1073 513 1118 neo
535 1052 595 1117 ubi
616 1051 836 1138 proposueris
861 1051 1032 1118 desinunt.

219 1159 298 1226 VH.
352 1159 539 1226 Hominum
575 1159 695 1246 utique
734 1159 880 1225 dilectus
919 1160 1097 1227 habendus
1131 1167 1196 1227 est:
1242 1174 1320 1228 anl

138 1267 229 1352 digni
263 1269 341 1352 sint,
376 1269 497 1353 quibus
525 1275 657 1355 partem
687 1268 780 1333 uitae
808 1276 946 1335 nostroe
973 1269 1209 1356 inpendemus,
1242 1293 1286 1336 an
1366 1357 1369 1366 ,

137 1375 179 1440 ad
211 1375 289 1442 illos
317 1377 480 1463 temporis
508 1377 617 1442 nostri
643 1377 774 1443 iectura
802 1378 996 1464 peruenist3
1031 1379 1169 1464 quidam
1197 1379 1287 1445 enim

84 1467 222 1552 ‘inultm
252 1483 367 1552 officie
393 1485 493 1552 nobis
520 1491 640 1550 nostre
667 1485 836 1571 inputant.
891 1485 1134 1552 Athenodorus
1162 1488 1211 1553 eit
1232 1485 1321 1553 ‘nes

135 1592 177 1658 sd
200 1615 322 1660 cenem
344 1594 481 1679 quidem
504 1615 541 1660 se
562 1595 690 1660 ittuum
712 1593 757 1660 sd
779 1616 866 1677 eum,
896 1595 954 1679 qui
977 1594 1043 1659 sibi
1063 1595 1113 1660 nil
1135 1617 1197 1682 pro
1219 1594 1286 1661 hoc

136 1700 312 1766 debiturus
334 1702 404 1786 sit’;
438 1709 521 1789 puto
543 1702 716 1788 intellegis
738 1701 845 1768 multo
869 1703 980 1768 minue
1003 1703 1048 1768 sd
1070 1725 1128 1770 eos
1150 1704 1285 1788 iturum,

135 1810 192 1894 qui
214 1833 293 1876 oum
315 1811 500 1877 amicorum
517 1809 639 1877 officiis
656 1811 752 1897 paris
769 1833 888 1876 mensa
905 1809 1044 1894 faciunt,
1069 1812 1127 1897 qui
1144 1810 1285 1878 fericula

134 1939 194 2003 pro
229 1919 413 2006 congiariis
445 1925 635 2004 numerent,
669 1919 767 2005 quasi
796 1919 832 1984 in
863 1919 1012 1985 alienum
1040 1920 1206 1986 honorem
1234 1921 1285 1986 in·

101 2032 365 2114 intemperantes
401 2029 484 2096 sint:
518 2027 616 2094 deme
648 2027 715 2094 illis
751 2035 858 2094 testes
888 2033 1182 2114 spectatoresque,
1216 2051 1287 2094 non

136 2133 322 2202 delectabit
338 2135 466 2222 popina
483 2143 645 2204 secreta*
690 2135 783 2202 Nihil
799 2142 916 2202 tamen
933 2158 1040 2221 aeque
1061 2136 1285 2202 oblecteuerit
1301 2141 1319 2195 3

136 2242 284 2310 animum
307 2266 408 2330 quam
431 2244 581 2310 amicitis
601 2243 713 2310 fidelis
737 2251 772 2310 et
794 2244 912 2311 dulcis.
964 2245 1137 2322 Quantum
1158 2247 1287 2312 bonum

136 2357 196 2436 est,
229 2352 290 2418 ubi
317 2359 519 2438 praeparate
547 2360 626 2420 sunt
654 2359 803 2440 pectore,
837 2353 874 2419 in
903 2375 990 2439 quae
1019 2359 1094 2420 tuto
1118 2361 1287 2420 secretum

135 2480 234 2525 omne
263 2459 461 2546 descendat,
496 2483 639 2548 quorum
668 2460 914 2528 conscientiam
935 2462 1046 2528 minue
1070 2484 1172 2547 quem
1192 2469 1287 2528 tuem

99 2568 264 2652 netimeas,
287 2591 430 2654 quorum
452 2591 562 2636 sermo
586 2569 851 2636 sollicitudinem
871 2569 988 2653 leniat,
1012 2571 1182 2636 sententie
1206 2592 1285 2636 con-

135 2676 247 2742 silium
280 2677 454 2763 expediet,
492 2677 644 2744 hilaritas
677 2677 851 2744 tristitiem
884 2677 1041 2764 dissipet,
1081 2683 1285 2764 conspectus

134 2783 208 2870 ipse
231 2784 397 2852 delectet!
431 2809 516 2871 quos
539 2785 673 2852 seilicet
695 2808 831 2868 uacuos,
865 2793 1029 2871 quantum
1052 2787 1126 2852 fieri
1147 2787 1284 2872 poterit,

136 2915 156 2958 a
173 2893 418 2978 cupiditatibus
437 2893 616 2981 eligemus:
641 2901 781 2981 serpunt
800 2895 890 2959 enim
906 2895 991 2960 uitis
1003 2895 1084 2960 etin
1095 2895 1285 2981 proximum

135 3023 302 3087 quemque
325 3002 520 3068 tenebunt
543 3011 578 3068 et
601 3009 762 3070 contactu
782 3007 919 3068 nocent.
964 3003 1086 3088 Itaque
1108 3001 1317 3088 ut†quod4

99 3109 171 3176 aiu
198 3109 394 3195 pestilentia
421 3111 607 3181 curandum
635 3118 696 3196 est,
729 3133 772 3176 ne
801 3111 967 3196 correptis
995 3111 1064 3176 iem
1086 3109 1284 3197 corporibus

135 3225 170 3282 et
191 3218 310 3284 morbo
333 3217 557 3305 flagrantibus
581 3218 806 3304 adsideamue,
838 3218 917 3304 quie
938 3218 1090 3304 pericula
1111 3218 1283 3284 trahemus

135 3544 149 3596 1
167 3544 252 3598 amba
269 3543 394 3612 multuq;
421 3543 560 3612 negotiou
577 3543 677 3599 ferunt
695 3544 816 3598 tollenda
834 3550 923 3599 emet
941 3543 1032 3610 Κοοὴς
1055 3560 1102 3613 epo
1118 3544 1184 3600 baso
1203 3543 1284 3599 Seue·

134 3643 194 3682 cam
216 3628 359 3683 addidisse
377 3635 455 3697 paeto,
481 3637 514 3684 at
533 3628 591 3684 sam
607 3629 683 3684 serbi
699 3645 749 3698 per
767 3645 796 3682 se
814 3629 1040 3694 subobscuriora,
1068 3645 1090 3697 p.
1110 3647 1131 3684 e.
1149 3627 1283 3696 fecunda,

133 3715 292 3781 replicaret.
317 3730 367 3768 aee
383 3715 516 3783 insellepo,
535 3714 601 3782 quid
618 3717 649 3768 iu
665 3715 761 3768 horam
779 3716 923 3768 uerborum
938 3716 1030 3780 foma
1047 3715 1091 3782 sit,
1119 3715 1285 3783 caeparia

131 3806 272 3870 potestur.
317 3799 379 3854 Hoc
397 3807 543 3868 praeterea
565 3815 671 3867 moneo,
698 3799 737 3853 ad
759 3799 962 3866 similitudinis,
990 3816 1071 3868 psam
1093 3799 1138 3854 aa
1159 3800 1286 3855 adhibuit

132 3883 241 3952 Seneca,
259 3885 393 3940 rationem
406 3885 496 3940 salma
514 3891 609 3953 aptum
626 3900 684 3939 esse
702 3884 814 3938 uerbum
831 3883 931 3938 ferunt
949 3883 1018 3951 (aid.
1037 3885 1174 3940 Framde's'
1190 3885 1283 3940 Leaie.

131 3969 164 4022 ia
181 3985 208 4024 u.
226 3967 290 4026 fero
307 3971 328 4024 I
342 3969 377 4038 B,
394 3972 419 4038 3,
437 3972 470 4037 4,·
490 3969 529 4024 Π
542 3970 569 4024 Β
585 3969 623 4037 3),
642 3985 691 4024 ase
708 3977 778 4024 recte
797 3968 939 4024 Muretsm
956 3975 1059 4025 serunt
1076 3969 1227 4038 scripsisse.

132 4055 149 4109 6
167 4061 236 4109 actu
254 4054 288 4122 Ας
315 4057 396 4120 soltu
412 4056 449 4112 A*
468 4057 488 4111 s'.
506 4073 527 4110 e.
546 4073 581 4110 sc
598 4061 639 4121 tu,
658 4055 731 4124 quod
747 4055 881 4110 immerito
900 4055 1014 4110 Gemsde
1026 4072 1099 4124 prae
1116 4055 1202 4110 altem
1215 4071 1282 4123 pro·

132 4141 222 4209 basia·
241 4143 364 4196 namsia
381 4140 510 4196 uolueris
528 4141 684 4196 addendam
703 4147 769 4195 erat.
852 4142 885 4196 12
902 4141 1006 4196 adeost
1031 4141 1065 4210 A;
1083 4140 1178 4197 edocit
1194 4142 1284 4206 faisse

131 4225 251 4282 uidetur.
330 4225 363 4280 13
379 4226 543 4298 fericulsh
612 4226 645 4280 14
662 4223 808 4295 congiaris
826 4225 855 4292 Α,
873 4240 942 4281 sorr.
961 4243 1005 4295 ap.
1077 4227 1284 4298 reproperata

132 4316 202 4366 sunt
219 4309 253 4376 l;
280 4317 350 4366 sunt
372 4317 549 4381 praeparate
565 4327 609 4379 ap.
713 4311 748 4366 24
774 4310 879 4378 Itaque
901 4316 935 4366 ut
952 4327 996 4380 ap.
1014 4311 1079 4366 iude
1096 4313 1130 4367 ab
1148 4311 1283 4382 Erasnso3

131 4394 207 4466 itsq;
234 4402 268 4450 ut
285 4397 323 4466 qd
341 4395 376 4464 Ας
403 4396 502 4467 itaque
521 4395 599 4466 quod
615 4395 713 4450 Haase
729 4395 821 4450 minas
838 4396 917 4462 deam
943 4397 1007 4462 sort.
1025 4405 1085 4451 erat
1101 4399 1282 4452 scribendum:

131 4481 236 4552 ltaque
259 4489 293 4540 ut
315 4482 469 4552 quondm,
497 4482 629 4552 womodo
653 4481 729 4550 apssd
746 4485 844 4549 postas
861 4497 943 4548 saepe
960 4481 1105 4550 quondam
1123 4489 1149 4537 et
1166 4482 1235 4536 olim
1253 4484 1283 4536 s‘a

132 4567 383 4636 emaparaaoas'tus
401 4569 552 4635 malasar,
578 4567 662 4624 etiam
678 4567 725 4621 ati
741 4567 779 4636 ia,
804 4565 877 4634 qaod
893 4566 1085 4622 simitudinis
1102 4569 1159 4623 loeo
1175 4568 1283 4624 induci·

131 4659 184 4720 tsr,
201 4668 258 4708 eoa
274 4651 412 4708 intudem
430 4654 479 4708 sed
494 4669 597 4722 semper
613 4653 653 4718 fit.
705 4651 739 4706 25
757 4651 954 4721 neffcorreptis
967 4650 1015 4720 hh
1032 4671 1087 4710 nec
1103 4653 1230 4724 orreptis
1243 4654 1278 4710 11ι
