3182 5252
241 378 305 443 314
473 404 500 443 c.
526 403 640 446 arram
662 403 798 446 sursera
820 401 1019 446 nrsnooom
1042 403 1102 442 ors.
1126 401 1157 442 x.

243 567 309 633 cito
346 591 407 634 uos
436 568 575 653 effugiet
602 591 743 634 necesse
773 575 839 650 est;
873 591 943 635 non
970 569 1060 634 enim
1089 566 1298 652 adprenditis
1326 591 1394 634 nec

242 677 394 742 retinetis
425 678 505 757 (nec)
529 677 763 743 uelocissimae
786 678 928 744 omnium
952 678 1002 744 rei
1023 699 1152 742 moram
1173 676 1295 761 facitis,
1329 677 1395 743 sed

242 786 336 852 abire
359 791 398 851 ut
418 807 490 851 rem
512 807 759 872 superuacuam
782 809 820 852 ec
844 785 1068 872 reparabilem
1091 785 1209 850 sinitis.

202 900 216 953 l
323 893 401 960 VII.
447 894 465 930 ⁴*
489 894 507 930 ⁴*
530 893 571 958 In
599 895 715 981 primis
745 903 857 962 autem
881 902 915 962 et
935 895 1013 961 illos
1035 914 1187 978 numero,
1222 895 1281 979 qui
1303 893 1392 960 nulli

234 1003 282 1068 roi
311 1002 377 1068 nisi
405 1005 486 1069 uino
516 1024 556 1068 ac
577 1001 710 1069 libidini
732 1012 873 1088 uacunt;
906 1004 992 1070 nulli
1016 1004 1106 1070 enim
1127 1002 1261 1090 turpius
1284 1025 1387 1068 occu·
1406 1033 1424 1070 e

234 1111 305 1198 pati
327 1118 414 1178 suut.
461 1111 583 1196 Ceteri,
606 1113 708 1178 etiam
730 1113 758 1176 si
776 1135 865 1180 uuna
882 1113 1012 1200 gloriae
1030 1112 1178 1200 imagine
1193 1117 1389 1191 teneantur,

234 1221 388 1307 speciose
418 1225 532 1286 tamen
562 1227 690 1305 errant3
724 1221 807 1287 licet
834 1244 956 1288 auaros
978 1221 1070 1304 mihi,
1103 1221 1184 1286 licet
1204 1220 1391 1286 iracundos

235 1349 413 1394 enumeres
434 1327 491 1394 uel
514 1328 593 1395 odia
615 1337 813 1396 exercentes
835 1331 961 1398 iniusta
983 1331 1038 1398 uel
1061 1331 1161 1412 bella,
1191 1351 1310 1395 omnes
1331 1329 1390 1394 isti

235 1436 364 1502 uirilius
391 1443 551 1522 peccant:
585 1439 620 1504 in
648 1447 802 1505 uentrem
825 1462 864 1506 ac
886 1439 1062 1506 libidinem
1084 1438 1313 1525 proiectorum
1336 1439 1389 1502 in-

200 1543 380 1611 uhonesta
402 1545 496 1611 lebes
520 1553 580 1612 est.
636 1547 757 1614 Omnia
777 1548 919 1614 istorum
941 1555 1096 1634 tempora
1118 1551 1248 1629 excute,
1272 1547 1439 1634 aspicem

237 1675 338 1739 quam
366 1652 425 1718 diu
447 1662 654 1742 computent,
689 1679 789 1742 quom
812 1657 871 1722 diu
894 1656 1105 1740 insidientur,
1139 1677 1241 1740 quem
1265 1653 1322 1720 diu
1345 1653 1390 1718 ri-

235 1768 359 1845 meant,
399 1784 500 1846 quom
534 1764 593 1830 diu
627 1766 750 1847 colent,
789 1788 891 1851 quam
925 1765 984 1832 diu
1017 1763 1180 1846 colantur,
1221 1771 1390 1850 quantum

237 1869 430 1937 uadimonia
458 1893 520 1938 sua
547 1879 649 1958 atque
679 1873 789 1940 aliena
818 1879 995 1963 occupent,
1030 1877 1193 1959 quantum
1217 1871 1389 1954 conuiuis,

99 1985 148 2042 (οἱ.
166 1986 225 2042 71¹·
238 1979 247 2062 l
269 2002 355 2066 quae
379 1980 446 2046 iem
468 1981 542 2068 ipso
565 1980 679 2048 officia
701 1989 792 2048 sunt:
827 1983 970 2065 uidebis,
1004 1965 1291 2067 quemedmodnm
1312 1979 1390 2044 illos

235 2089 402 2174 respirare
423 2111 494 2156 non
515 2091 627 2157 sinant
650 2091 707 2156 uel
728 2090 819 2158 mula
841 2113 904 2158 sua
924 2090 981 2156 uel
1004 2091 1103 2158 bone.
1128 2089 1146 2126 *
1164 2088 1182 2124 ⁴*
1408 2125 1440 2160 u

202 2203 220 2258 3
321 2197 478 2283 Denique
501 2199 592 2264 inter
614 2222 731 2266 omnes
754 2201 915 2296 conuenit
938 2198 1066 2265 nullam
1086 2219 1158 2262 rem
1179 2197 1269 2263 bene
1292 2218 1389 2262 exer·

237 2306 305 2370 ceri
339 2327 439 2392 posse
474 2307 516 2372 ab
549 2307 685 2374 homine
720 2315 897 2396 occupato,
935 2330 1005 2375 non
1039 2306 1277 2392 eloquentiam,
1318 2326 1389 2370 non

236 2411 394 2480 liberales
423 2415 628 2502 disciplinas,
663 2417 800 2503 quaudo
830 2417 1004 2484 districtus
1027 2415 1157 2480 enimus
1180 2411 1265 2480 nihil
1288 2412 1389 2478 ultius

236 2522 366 2610 recipit,
391 2523 452 2590 sed
475 2525 588 2590 omnia
610 2525 704 2590 uelut
726 2525 898 2590 inculcata
919 2524 1063 2610 respuit:
1094 2519 1179 2588 nihil
1200 2521 1312 2588 minus
1336 2527 1390 2586 est

203 2627 382 2698 thomiuis
424 2634 580 2720 occupati
621 2655 721 2719 quam
762 2635 889 2700 uiuere.
954 2631 1088 2698 Nullius
1128 2631 1177 2696 rei
1216 2628 1389 2696 difficilior
1405 2667 1438 2708 μ

237 2739 381 2806 scientia
409 2747 469 2807 est.
524 2741 741 2809 Professores
771 2743 911 2808 alierum
939 2741 1062 2807 artium
1088 2739 1192 2826 uolgo
1221 2739 1388 2824 multique

237 2855 325 2931 sunt,
359 2849 521 2934 quasdem
551 2873 632 2917 uero
663 2873 704 2916 ex
725 2849 778 2916 his
801 2850 896 2936 pueri
920 2847 1103 2916 admodum
1124 2848 1173 2914 ita
1194 2845 1390 2933 percepisse

237 2955 301 3022 uisi
330 2963 422 3040 eunt,
457 2965 495 3025 ut
523 2960 624 3026 etiam
652 2960 850 3046 praecipere
879 2963 1034 3045 possent:
1069 2957 1187 3022 uiuere
1214 2960 1288 3021 tote
1316 2953 1391 3018 uita

238 3063 435 3131 discendum
459 3075 519 3150 est,
544 3075 586 3148 et,
610 3062 702 3152 quod
723 3067 831 3153 magis
854 3065 999 3132 fortasse
1017 3065 1203 3142 miraberis,
1227 3069 1300 3128 tota
1317 3063 1391 3126 uita

242 3207 248 3212 .
257 3207 467 3216 -ffl—-u-

239 3271 253 3324 l
271 3269 451 3340 adprenditis
469 3273 501 3340 (n
518 3275 549 3328 in
566 3289 623 3329 ras.
640 3289 693 3340 pro
711 3273 751 3336 m)
770 3272 791 3331 Α
894 3273 982 3328 2nec
1001 3271 1065 3326 odd.
1084 3287 1128 3340 up.
1146 3286 1180 3324 a
1195 3285 1278 3324 aona
1297 3265 1319 3324 D

239 3356 439 3414 uelocissimae
467 3357 595 3414 omnium
625 3375 671 3428 up.
698 3375 732 3412 ec
757 3373 839 3412 aona.
862 3355 898 3422 n;
933 3357 1116 3414 uelocissime
1145 3354 1204 3412 omi
1230 3354 1251 3411 Α

238 3441 323 3496 4-15
344 3441 432 3497 Uerta
456 3447 548 3498 mania
566 3443 600 3498 In
624 3443 742 3514 primis.
754 3444 818 3500 .uel
843 3445 919 3499 bona
936 3443 980 3498 bic
998 3459 1052 3497 non
1070 3457 1118 3496 cuo
1136 3443 1194 3496 loro
1214 3441 1267 3508 lapi
1283 3441 1393 3495 arnadi

240 3525 318 3582 ΒΜ.
337 3527 396 3583 crit
414 3544 441 3597 p.
460 3531 524 3596 160;
554 3530 647 3598 aptius
664 3529 776 3584 {aidum
793 3545 853 3598 cap.
873 3530 906 3584 13
924 3529 1070 3594 efficerent,
1098 3527 1146 3580 sed
1163 3528 1280 3590 iorem
1307 3542 1391 3594 φιαιι

237 3612 286 3666 diu
303 3629 349 3667 res
365 3615 471 3668 incerto
495 3621 542 3676 est.
562 3615 635 3669 unde
651 3615 704 3670 buc
721 3615 890 3684 irrepserint,
908 3615 951 3669 bic
968 3615 1096 3680 relinquo.
1201 3613 1219 3664 6
1236 3609 1337 3680 glorie
1357 3610 1391 3667 A'

239 3714 309 3752 corr.
327 3715 362 3753 ec
378 3699 473 3768 gloria
491 3700 521 3756 d¹
592 3700 622 3755 in
640 3699 756 3770 megine
774 3700 804 3758 Α,
822 3715 891 3754 corr.
910 3717 953 3768 cp.
1024 3703 1182 3753 teneantur
1199 3697 1233 3760 Ας
1250 3703 1391 3752 tenentur

247 3781 411 3854 Wesenberp.
515 3785 616 3841 llio&
632 3785 668 3841 ud
687 3785 754 3841 odie
771 3786 811 3850 Αἱ,
838 3786 887 3840 red
901 3792 965 3854 post
983 3783 1053 3839 licet
1070 3783 1124 3838 duo
1142 3783 1226 3836 uerba
1243 3782 1391 3836 ineundo

238 3886 296 3924 erse
313 3868 347 3927 l‘
364 3872 540 3939 remeauit,
559 3889 629 3940 puae
644 3871 676 3926 ia
693 3888 744 3940 my.
764 3871 913 3940 suppleuit:
940 3868 1097 3924 iracundos
1115 3885 1275 3923 enumeres.
1312 3866 1390 3932 crya

239 3963 532 4022 exportaremus
550 3965 614 4012 mor
632 3975 671 4022 ee,
691 3973 759 4026 prae
778 3955 856 4010 stud.
875 3957 934 4010 orit.
951 3973 978 4023 p.
997 3955 1034 4008 30
1050 3955 1126 4020 soleo
1143 3951 1268 4008 Fickert
1285 3953 1390 4008 indicio

239 4041 364 4110 deeeptus
387 4043 543 4110 disputoui;
570 4043 619 4097 hoc
641 4049 731 4098 temen
753 4041 836 4097 etium
859 4057 932 4094 acac
954 4047 1038 4102 mmo,
1065 4038 1222 4094 iracundos
1244 4039 1269 4092 b
1292 4041 1310 4093 l.
1334 4053 1390 4092 eoa

239 4135 302 4197 apo
327 4129 537 4196 commorari,
572 4128 619 4184 uti
644 4143 734 4182 comm
760 4129 860 4181 mentio
884 4125 1016 4192 sooimdc
1041 4125 1086 4192 sit,
1121 4127 1169 4194 qui
1193 4127 1286 4193 aliquo
1311 4123 1391 4178 modo

240 4217 367 4284 occupati
388 4221 460 4270 scat
505 4213 626 4268 Meliora
647 4221 717 4268 onte
739 4212 833 4268 omnic
855 4218 950 4278 ρεισκέ,
977 4213 1004 4266 ei
1025 4217 1082 4266 tora
1099 4210 1150 4266 illa
1167 4211 1304 4265 sermm
1320 4207 1391 4264 licet

240 4299 504 4356 onerosum-ilius
523 4299 780 4369 praecantatores
808 4298 856 4352 sed
878 4311 935 4350 aon
958 4312 1025 4366 nepo
1045 4295 1174 4350 &necem
1194 4311 1225 4348 re
1241 4311 1309 4358 ecre
1325 4293 1390 4349 dact

239 4389 356 4444 scribere
370 4389 500 4454 potuisse,
518 4391 551 4440 ut
568 4389 614 4453 qui
631 4385 744 4451 saepius
761 4384 845 4438 libros
864 4397 930 4436 euos
949 4395 1004 4436 noa
1018 4382 1229 4450 praeoperatur
1245 4379 1390 4448 adipeam

240 4473 396 4530 elaborarit.
500 4471 518 4524 9
542 4470 573 4526 in
591 4477 725 4526 uentrem
749 4485 832 4523 noca
851 4465 882 4534 D,
909 4468 981 4536 meod
999 4468 1135 4522 &reem
1151 4467 1285 4534 probabat
1303 4471 1328 4519 ee
1343 4479 1388 4532 ey.

240 4561 304 4616 inde
320 4577 338 4614 a
358 4559 500 4613 Graeculo
518 4571 601 4626 usque
618 4555 656 4610 ud
675 4555 831 4611 Μαίνῃ
846 4555 974 4618 adetum
991 4551 1159 4608 inuenerem
1177 4551 1199 4609 Α
1258 4553 1290 4605 10
1307 4550 1389 4605 lobes

240 4662 322 4702 noan,
341 4641 363 4702 ll
381 4649 408 4697 et
423 4659 479 4711 cpe
497 4643 581 4698 tubes
599 4642 621 4698 l
706 4642 741 4696 21
758 4641 845 4710 uolgo
863 4640 908 4706 r¹;
926 4639 1015 4708 uulgo
1033 4637 1147 4707 ocrim
1162 4636 1196 4694 Αὅ
1211 4638 1262 4692 boc
1279 4637 1391 4690 certam

240 4732 437 4797 admoram.
541 4728 576 4782 24
592 4725 745 4782 miraberis
763 4725 799 4792 r;
817 4725 960 4780 mirabere
978 4739 1020 4793 up.
