3286 5244
484 383 525 424 nn
547 381 736 425 cousrsrmrs
758 383 914 427 sssmrtms
937 385 1068 427 vn-rx.
1307 363 1349 428 35

202 547 293 633 leges
323 567 363 612 ac
392 547 579 614 saeuissimi
608 548 735 614 domini
769 551 878 633 (qaod)
912 550 1096 634 minentur,
1129 550 1165 616 in
1193 575 1259 637 que
1288 552 1348 618 im-

203 655 330 742 perium
359 679 460 722 suum
486 655 625 723 fortuna
653 657 837 741 consumit,
870 681 979 744 aequo
1007 658 1209 745 placidoque
1237 661 1349 726 auimo

204 765 387 851 accipimus
417 771 451 831 et
478 766 603 832 scimus
625 775 769 832 mortem
791 767 916 832 maium
938 790 1008 832 non
1031 791 1116 852 esse,
1151 768 1195 834 ob
1218 767 1349 833 hocne

201 873 364 968 iniuriam
379 873 524 960 quidem,
548 876 654 942 multo
677 873 809 941 facilius
832 875 899 941 aiia
921 874 1150 961 tolerabimus,
1174 876 1297 942 damna
1315 884 1350 941 et

178 981 353 1068 edolores,
391 983 610 1068 ignominiae,
650 985 803 1050 locorum
836 985 1136 1069 commutationes,
1169 985 1348 1070 orbitates,

201 1090 351 1177 discidia,
380 1115 466 1177 quae
490 1092 688 1179 sapientem,
719 1094 821 1159 etiam
844 1094 872 1158 si
894 1093 1052 1158 inriuersa
1075 1093 1349 1179 circumuenient,

200 1207 463 1286 nonmergunt,
497 1201 622 1267 nedum
645 1209 683 1266 ut
705 1201 749 1268 ad
772 1202 981 1288 singulorum
1003 1202 1167 1288 impulsus
1189 1208 1348 1283 maereat.

199 1307 293 1374 Etsi
316 1307 475 1375 fortunae
497 1311 636 1377 iniurias
658 1311 834 1376 moderate
854 1309 932 1394 fert,
961 1317 1088 1395 quanto
1111 1311 1219 1396 magis
1241 1309 1348 1376 homi-

199 1439 279 1482 num
300 1418 501 1504 potentium,
536 1441 622 1504 ques
644 1421 710 1485 scit
730 1417 887 1486 fortunae
910 1418 918 1504 Η
939 1441 1059 1485 manus
1083 1421 1173 1485 esse!
1228 1420 1383 1485 Omniat

165 1547 187 1584 ιο
199 1525 313 1611 itaque
347 1526 396 1591 sic
428 1527 556 1613 patitur
588 1535 627 1593 ut
658 1527 779 1594 hiemis
812 1529 960 1614 rigorem
990 1535 1025 1592 et
1054 1529 1350 1615 intemperantiam
1367 1515 1416 1572 f⁰¹·
1431 1518 1471 1571 9¹·

200 1634 294 1718 caeli,
327 1642 367 1700 ut
398 1633 551 1702 feruores
584 1637 788 1722 morbosque
823 1643 858 1702 et
891 1645 1005 1702 cetera
1031 1635 1121 1702 forte
1150 1637 1371 1722 accidentia„

199 1766 262 1808 nec
295 1743 340 1808 de
374 1765 543 1830 quoquam
576 1751 647 1811 tam
678 1746 766 1810 bene
800 1746 936 1830 iudicat,
970 1752 1008 1811 ut
1040 1745 1135 1810 illurn
1169 1747 1350 1832 quicquam

198 1859 298 1938 putet
320 1853 463 1918 consilio
485 1852 619 1934 fecisse,
649 1854 741 1939 quod
763 1856 797 1920 in
820 1879 887 1922 uno
912 1856 1065 1940 sapiente
1089 1860 1150 1920 est.
1195 1855 1349 1921 Aliorum
1387 1841 1391 1849 ⁵

199 1963 347 2028 omnium
380 1983 450 2028 non
484 1962 635 2046 consilia,
670 1964 730 2029 sed
763 1961 901 2030 fraudes
936 1969 971 2027 et
1003 1963 1146 2029 insidiae
1175 1971 1210 2028 et
1236 1971 1348 2029 motus

164 2093 187 2130 c
199 2071 387 2137 animorum
417 2071 583 2136 inconditi
612 2078 699 2156 sunt,
734 2095 818 2157 quos
842 2072 976 2138 casibus
1000 2072 1218 2154 adnumerum
1248 2093 1346 2138 omne

198 2187 312 2246 autem
333 2179 512 2246 fortuitum
536 2179 624 2246 cirea
646 2201 709 2246 nes
733 2181 841 2246 saeuit
865 2188 900 2247 et
921 2182 957 2247 in
979 2182 1067 2248 uilia.
1175 2269 1177 2274 Α

282 2290 346 2356 ΙΧ.
391 2288 481 2354 Hlud
509 2311 643 2375 quoque
672 2290 794 2376 cogita,
828 2291 1024 2356 iniuriarum
1045 2289 1208 2355 latissime
1230 2295 1381 2374 patere1

196 2398 373 2465 materiam
408 2399 467 2480 (in)
502 2397 577 2481 illis,
612 2420 673 2484 per
702 2421 789 2484 quae
816 2399 1005 2485 pericnlum
1030 2398 1130 2464 uobis
1160 2397 1349 2482 quaesitum

197 2516 264 2593 est,
306 2515 345 2572 ut
378 2513 577 2572 accusatore
611 2507 778 2574 submisso
812 2514 871 2572 aut
904 2508 1137 2574 criminatione
1169 2504 1258 2570 falsa
1291 2511 1350 2570 aut

158 2639 182 2676 a
195 2617 335 2683 irritatis
375 2617 411 2682 in
449 2637 512 2682 nos
550 2615 780 2702 potentiorum
820 2617 922 2701 odiis,
968 2639 1122 2701 quaeque
1162 2614 1228 2679 alia
1260 2614 1349 2678 inter

198 2731 336 2812 togatos
368 2723 548 2790 latrocinia
580 2732 673 2807 sunt3
720 2731 772 2790 est
805 2732 839 2792 et
872 2725 929 2791 illa
961 2725 1084 2791 iniuria
1115 2721 1285 2808 frequens,
1320 2723 1347 2787 si

198 2834 330 2900 luorum
360 2833 460 2900 alicui
491 2855 669 2899 excussum
698 2841 750 2899 est
777 2839 836 2899 aut
864 2833 1051 2920 praemium
1079 2831 1137 2897 diu
1165 2839 1347 2918 captatum,

200 2945 227 3008 si
255 2964 379 3029 magne
408 2941 525 3008 labore
555 2941 726 3008 adfectata
753 2941 925 3008 hereditas
953 2963 1072 3007 auersa
1100 2945 1153 3005 eet
1181 2945 1216 3004 et
1245 2961 1346 3024 quae-

200 3057 336 3116 stuosae
370 3049 490 3116 domus
523 3052 634 3136 gratia
667 3056 798 3136 erepta:
839 3050 926 3116 haec
960 3049 1078 3135 effugit
1111 3048 1256 3134 sapiens,
1290 3047 1347 3133 qui

200 3289 310 3360 lquod
328 3291 392 3345 add.
413 3307 482 3344 anus
501 3287 521 3347 D
540 3297 566 3345 at
583 3291 734 3345 Romanus
827 3289 975 3346 minentur
993 3291 1088 3358 iidem
1110 3274 1291 3372 minutantur
1317 3287 1346 3354 Α,

197 3395 301 3448 aetatu
324 3393 423 3448 litteris
441 3399 478 3460 et,
505 3409 565 3448 oum
582 3392 674 3447 notari
692 3393 833 3447 debuerint
850 3399 893 3460 ta‚·
921 3393 1052 3458 maeatae,
1080 3408 1150 3460 qaae
1168 3375 1255 3461 supra
1274 3397 1304 3447 et
1321 3397 1347 3446 et

197 3479 275 3545 atissa
301 3479 409 3534 easden
435 3479 542 3535 litteras
568 3485 641 3544 suat,
668 3481 800 3546 fortuitae
826 3486 896 3544 sont,
923 3494 972 3533 aec
998 3478 1141 3546 cumaeam
1164 3479 1222 3533 stlta
1239 3479 1347 3532 subesse

198 3565 319 3628 Maur,
353 3570 385 3620 at
409 3563 489 3619 Koch
523 3571 632 3619 uenat.
684 3565 730 3619 An
765 3565 938 3620 minitentur
972 3563 1142 3619 euitandam
1177 3561 1237 3618 est?

197 3653 214 3706 4
240 3650 353 3715 times&
372 3649 405 3716 Ας
433 3649 459 3705 ἅ
485 3651 545 3704 totta·
570 3650 677 3704 ualebat
694 3650 847 3705 Raciames
948 3650 965 3702 5
992 3647 1243 3704 comatationessi

197 3739 214 3790 6
241 3736 322 3792 circu
348 3736 469 3792 ueniant
494 3735 517 3792 Α
544 3735 596 3804 (sic
623 3751 704 3804 saepe
730 3735 848 3802 circum,
875 3740 952 3800 ante,
979 3740 1104 3804 praeter,
1132 3750 1227 3803 super,
1254 3739 1344 3800 trans,

196 3822 333 3878 maium
359 3823 441 3878 etiam
468 3821 542 3877 aliae
565 3821 784 3890 praepositiones
809 3838 827 3875 a
853 3822 945 3876 certis
971 3822 1157 3889 diiaayuatar,
1187 3821 1345 3888 mamaeam

197 3909 362 3977 compositas
380 3915 449 3962 suat.
544 3906 729 3963 tmereatA
825 3909 857 3961 10
874 3906 1028 3980 hyemisti
1123 3906 1155 3959 15
1172 3904 1345 3960 adnumerat

195 4013 240 4063 ua.
260 4011 300 4049 aa.
318 4009 400 4048 uasta
421 3990 457 4060 D;
476 3991 669 4048 adnumerant
687 3993 708 4048 Α
780 3993 812 4047 16
829 3992 860 4047 in
877 3992 949 4048 uilia
968 3993 1098 4058 Matium
1116 3990 1220 4046 inuitis
1238 3989 1260 4046 Α

198 4081 229 4134 lt
257 4097 275 4134 a
303 4078 393 4134 uestis
419 4077 498 4132 Illud
524 4095 638 4148 quoque
667 4077 764 4148 cogita
791 4079 867 4146 (uam
893 4079 933 4133 sic
950 4082 981 4133 ia
998 4076 1020 4133 Α
1036 4085 1107 4132 recte
1124 4076 1261 4142 scribite,
1288 4091 1345 4129 non

197 4165 315 4236 cogitat,
335 4171 365 4220 at
383 4181 428 4233 aa.
447 4165 544 4230 editur,
563 4163 645 4218 etiam
663 4164 739 4231 apud
755 4161 898 4231 nocetum,
917 4165 964 4233 qui
979 4162 1050 4218 tanc
1067 4161 1089 4218 Α
1106 4162 1272 4230 scripturam
1289 4176 1344 4214 aon

195 4251 448 4318 malambestiam
467 4255 549 4319 capiet
567 4250 683 4316 institui,
703 4267 762 4304 tuat
781 4251 861 4318 aalys
879 4249 1006 4304 acerbis
1025 4247 1129 4302 Omnia
1147 4245 1244 4315 itaque
1263 4246 1300 4314 (u.
1315 4245 1344 4312 9)

195 4335 373 4404 instituant,-
407 4335 455 4390 sed
479 4335 542 4389 hine
567 4333 672 4389 demam
699 4336 898 4402 araumentata'a
924 4335 1011 4389 darae
1037 4332 1142 4401 incipit,
1169 4347 1237 4399 attae
1261 4347 1342 4398 prae·

195 4423 299 4478 scene
317 4421 495 4490 dissessione,
514 4437 582 4489 paee
600 4426 760 4490 arqamenjc
777 4419 858 4476 initia
876 4421 962 4487 cape
975 4419 1119 4488 proposito
1136 4417 1279 4472 suanacas
1296 4423 1343 4482 est,

194 4509 352 4576 interrupta
369 4515 437 4562 erat.
534 4507 567 4560 18
583 4505 615 4560 in
635 4505 697 4560 add.
717 4505 835 4572 Medeia
921 4501 1105 4574 quesitumfi
1190 4505 1224 4558 20
1241 4509 1343 4572 poten·

196 4594 304 4648 tiorum
322 4591 397 4648 odiis
417 4592 547 4661 Μαόιιίρς
575 4590 726 4660 potentiori
743 4589 870 4646 motisti
990 4592 1024 4646 22
1051 4586 1140 4644 alicui
1157 4605 1214 4657 ¹⁸94
1241 4587 1342 4655 alicui3

195 4681 240 4744 (z
259 4677 396 4743 alicuius)
415 4675 436 4732 A

1103 4763 1138 4820 ge
