3222 5246
219 361 262 426 58
447 387 476 428 1..
498 385 617 448 anunm
638 385 775 428 sessola
797 385 997 430 marcoueva
1019 388 1080 430 am.
1102 389 1150 428 m.

220 551 312 617 ciliet
334 551 455 618 animis
477 549 650 637 faciatque
672 549 832 617 uitiorum
855 550 980 636 odium,
1009 551 1156 638 pretium
1178 550 1373 634 uirtutium;

219 667 372 726 transeat
399 661 524 728 deinde
555 662 598 727 ad
620 661 804 726 tristiorem
828 661 1026 746 orationem,
1060 683 1127 746 qua
1148 669 1287 728 moueat
1308 663 1372 728 ad-

217 768 285 835 huc
324 777 360 837 et
398 771 595 858 exprobrem
638 771 823 838 nouissime
857 771 901 837 ad
933 792 1062 857 poenas
1096 777 1132 836 et
1162 769 1224 857 has
1258 769 1374 836 adhuc

217 879 312 946 leues
336 881 391 964 (et)
414 881 624 947 reuocabiles
647 881 820 966 decurrat,
851 881 971 946 ultima
993 879 1160 968 supplicia
1182 879 1370 946 sceleribus

218 989 345 1055 ultimis
378 996 500 1076 ponat,
534 997 573 1056 ut
606 1013 706 1057 nemo
735 997 862 1078 pereat,
891 990 957 1056 nisi
986 1011 1087 1076 quem
1125 989 1236 1075 perire
1266 990 1407 1057 etiams

183 1099 392 1186 dpereuntis
424 1099 569 1165 intersit.
628 1100 706 1165 Hoc
739 1121 806 1165 uno
840 1098 1056 1165 medentibus
1091 1097 1155 1162 erit
1188 1097 1370 1182 dissimilia,

219 1207 311 1294 quod
344 1208 403 1292 illi,
449 1209 571 1293 quibus
605 1209 712 1278 uitam
744 1231 814 1275 non
846 1213 1033 1296 potueruut
1063 1206 1190 1294 largiri,
1233 1205 1370 1272 facilem

220 1317 346 1382 exitum
375 1324 559 1403 praestant,
593 1317 649 1384 hic
680 1317 856 1384 damnatos
886 1339 963 1382 cum
986 1316 1154 1383 dedecore
1178 1322 1213 1381 et
1234 1315 1369 1382 traduc-

64 1433 114 1491 fol.
134 1434 200 1490 13V·
218 1424 312 1490 tione
335 1426 407 1491 uita
430 1426 544 1512 exigit,
578 1449 649 1493 nou
670 1429 750 1512 quia
772 1427 962 1494 delectetur
983 1425 1083 1492 ullius
1105 1426 1114 1511 ll
1135 1445 1257 1511 poena,
1290 1447 1369 1511 pro·

219 1531 273 1597 cul
307 1541 359 1599 est
393 1535 483 1600 enim
517 1558 537 1601 a
569 1537 724 1624 sapiente
757 1543 829 1602 tam
860 1535 1045 1602 inhumana
1077 1533 1206 1620 feritas,
1240 1533 1301 1600 sed
1329 1541 1369 1599 ut
1388 1565 1422 1602 ιο

219 1642 460 1709 documentum
493 1645 642 1712 omnium
675 1647 744 1712 sint
777 1653 826 1730 et,
860 1646 941 1730 quia
971 1644 1042 1711 uiui
1064 1643 1246 1710 noluerunt
1266 1643 1369 1730 prod·

219 1775 304 1836 esse,
336 1761 446 1820 morte
480 1733 572 1819 certe
607 1777 724 1820 eorum
755 1777 810 1820 res
843 1753 981 1841 publica
1013 1759 1137 1820 utatur.
1198 1753 1277 1819 Non
1316 1760 1370 1818 est

219 1885 301 1949 ergo
324 1869 446 1928 natura
466 1862 614 1930 hominis
636 1885 768 1950 poenae
792 1864 974 1950 adpetens:
996 1862 1075 1928 ideo
1098 1885 1141 1928 ne
1164 1861 1215 1926 ira
1232 1861 1369 1948 quidem

219 1971 405 2038 secundum
437 1977 594 2039 naturam
624 1971 782 2056 hominis,
828 1971 907 2056 quia
938 1993 1070 2059 poenae
1105 1970 1271 2057 adpetens
1301 1977 1369 2038 cst.

183 2081 264 2148 snt
285 2080 438 2146 Platonis
460 2088 698 2167 argumentum
719 2079 871 2146 adferam
894 2081 988 2166 (quid
1011 2081 1100 2146 euim
1124 2087 1226 2145 nocet
1248 2079 1369 2146 alicnis
1383 2111 1418 2148 ιε

218 2189 269 2256 uti
293 2211 334 2254 ex
356 2197 463 2276 perte,
492 2212 559 2275 qua
580 2197 699 2256 nostra
721 2191 851 2270 sunt?):
887 2190 970 2274 „Vir
990 2188 1121 2256 bonus“
1145 2189 1257 2274 inquit
1280 2211 1371 2275 ,non

218 2297 355 2366 laedit.“
400 2299 518 2364 Poena
538 2298 659 2382 laedit;
682 2299 774 2364 bono
799 2322 880 2386 ergo
903 2321 1015 2386 poena
1035 2321 1106 2364 non
1129 2299 1300 2382 conuenit,
1323 2299 1367 2365 ob

218 2407 285 2474 hoc
317 2431 382 2474 nec
413 2407 474 2492 ira,
508 2407 587 2493 quia
619 2431 732 2496 poena
763 2409 834 2473 irae
868 2409 1038 2474 conuenit.
1065 2449 1068 2456 ,
1105 2407 1142 2472 si
1174 2408 1227 2474 uir
1258 2408 1371 2474 bonus

123 2535 126 2540 '
219 2539 332 2604 poena
358 2539 426 2583 uon
455 2517 592 2602 gaudet,
625 2539 695 2584 non
722 2517 887 2604 gaudebit
914 2540 958 2583 ue
987 2540 1027 2584 eo
1056 2517 1193 2602 quidem
1220 2515 1368 2602 adfectu,

219 2627 273 2692 cui
294 2649 407 2713 poena
428 2625 595 2712 uoluptati
621 2633 687 2692 est:
712 2649 794 2712 ergo
816 2649 887 2693 uon
909 2632 962 2691 est
982 2625 1146 2691 naturalis
1168 2625 1228 2692 ira.
1383 2655 1414 2693 ιο

189 2752 201 2804 l
304 2735 384 2801 VII.
428 2735 608 2821 Numquid,
643 2735 797 2820 quamuis
825 2757 895 2800 uon
923 2735 968 2801 sit
990 2733 1152 2800 naturalis
1175 2734 1235 2820 ira,
1269 2733 1370 2800 adsu-

217 2844 341 2910 menda
364 2851 426 2928 est,
459 2844 539 2930 quia
560 2844 653 2910 utilis
677 2865 778 2929 saepe
801 2841 889 2910 fuit?
938 2843 1085 2910 Extollit
1108 2843 1237 2909 animos
1261 2849 1296 2908 et
1316 2842 1369 2908 iu-

218 2954 311 3040 citat,
343 2976 408 3018 uec
442 2953 622 3038 quicquam
656 2952 729 3017 sine
758 2951 816 3018 illa
843 2951 1062 3039 magnificum
1090 2954 1126 3018 in
1153 2951 1244 3017 bollo
1272 2950 1370 3018 forti·

218 3063 300 3130 tudo
329 3061 428 3150 gerit,
461 3062 526 3128 nisi
553 3060 634 3126 hinc
661 3059 797 3126 flamma
825 3060 961 3126 subdita
989 3065 1041 3126 est
1071 3067 1105 3126 et
1133 3060 1189 3126 hic
1213 3059 1369 3126 stimulus

433 3279 440 3318 ι

219 3335 232 3387 1
259 3330 323 3402 ptid
340 3331 455 3386 uirtutu
473 3329 506 3387 l*
614 3332 680 3384 4et
697 3345 747 3384 om.
767 3327 802 3398 Α;
821 3329 884 3384 cdd.
903 3345 947 3397 uc.
1052 3328 1183 3398 ulvtima
1200 3327 1233 3386 l¹
1257 3329 1370 3396 (leon.

217 3435 250 3473 ec
266 3417 292 3483 t)
395 3418 413 3471 8
439 3415 591 3472 damnatos
611 3415 735 3484 Mera
761 3413 864 3482 diuam
891 3415 921 3482 (ι’.
940 3432 962 3470 c.
980 3413 1147 3482 damnatus)
1165 3414 1200 3482 A;
1218 3413 1324 3470 cancer
1337 3411 1371 3482 [ις

218 3504 387 3559 damnatum
413 3520 457 3572 uc.
561 3503 578 3556 9
605 3501 667 3556 uita
694 3517 752 3570 uy.;
779 3500 843 3554 uita
869 3499 898 3565 l,
926 3501 974 3556 sed
999 3501 1130 3556 lineolam
1145 3517 1219 3555 moa
1237 3501 1372 3556 accendor

217 3590 379 3659 adposuisse
395 3589 518 3654 sidetem
537 3587 600 3642 uita
617 3583 637 3644 L
726 3588 756 3640 11
775 3585 844 3655 quia
861 3585 924 3640 uiui
941 3585 1042 3654 Haupt
1059 3587 1120 3657 (qui
1139 3586 1200 3642 uiui
1219 3587 1370 3654 Muretus);

158 3659 162 3669 ¹
217 3673 365 3746 quilalicui
392 3675 413 3730 Α
439 3673 575 3740 (uldmum
597 3673 708 3728 oubam
726 3672 949 3740 redinteqratum,
975 3680 1006 3726 ut
1023 3675 1105 3728 eliam
1123 3674 1280 3729 noluerunt
1298 3669 1370 3741 prod

217 3820 243 3868 ct
259 3813 346 3867 malta
363 3811 423 3866 olio
439 3811 471 3866 in
487 3811 540 3866 tac
553 3812 686 3880 popinam
704 3809 754 3880 qui
772 3769 829 3864 alic¹
847 3811 876 3878 (i.
888 3828 908 3864 e.
928 3809 979 3878 qui
997 3809 1097 3877 alicui)
1116 3808 1135 3867 L
1206 3811 1239 3866 12
1256 3815 1331 3880 resp.
1349 3808 1371 3866 l

206 3993 208 4001 .
321 3951 353 4004 15
379 3895 511 4019 adferam
537 3965 604 4003 corr.
623 3947 690 4013 fort.
708 3947 742 4003 ΑΙ
853 3947 884 4001 17
911 3945 984 4018 ledit
1010 3954 1125 4016 utroque
1143 3949 1200 4002 loco
1218 3946 1272 4014 l²3
1299 3947 1371 4003 ledit

216 4036 424 4105 redinteprator.
462 4034 593 4100 Getemm,
610 4033 635 4088 si
654 4035 754 4102 mania,
778 4049 846 4101 quae
863 4049 948 4100 usqae
965 4032 1004 4086 od
1018 4033 1101 4096 finem
1118 4035 1219 4102 capitis
1237 4035 1369 4104 leputatur,

216 4121 346 4177 Platonis
365 4137 423 4176 esse
437 4127 582 4189 potantur,
607 4125 638 4174 ut
654 4119 737 4188 aalys
755 4119 794 4184 fit,
813 4117 967 4183 difficultas
985 4134 1018 4172 er
1036 4133 1066 4172 eo
1084 4120 1180 4185 entur,
1204 4119 1278 4188 cuod
1293 4135 1371 4174 nmio

217 4206 488 4262 ammomum
505 4204 769 4275 orptonentctionem
786 4205 974 4259 demonstrare
989 4203 1089 4271 potuit.
1126 4203 1181 4259 Sed
1196 4205 1264 4260 miti
1278 4207 1372 4273 primo

217 4300 325 4348 tantum
351 4291 486 4347 sententia
512 4289 642 4345 Platonis
667 4305 725 4343 esse
751 4289 862 4343 uidetur
889 4303 922 4342 ec
948 4287 1011 4342 libri
1038 4289 1071 4344 de
1096 4305 1151 4358 rep.
1176 4290 1198 4344 Ι
1215 4307 1245 4360 p.
1268 4292 1320 4346 335
1340 4289 1371 4344 D

213 4379 305 4447 petito
323 4379 362 4446 (οὐ
379 4387 421 4432 τοῦ
439 4385 536 4444 ἀγαθοῦ
553 4379 667 4446 ,adnm
687 4375 773 4447 ἔργον),
791 4381 881 4429 cetero
897 4377 987 4443 ipsius
1003 4373 1127 4440 Senecae,
1145 4379 1193 4445 qai
1211 4393 1229 4430 a
1248 4375 1371 4432 fluonia

217 4463 352 4520 ammte
374 4462 514 4532 profectae
536 4477 588 4516 seco
609 4461 689 4516 modo
712 4467 929 4528 arpumentotur.
964 4461 1054 4530 Atque
1075 4462 1125 4520 hoc
1145 4478 1175 4515 ec
1197 4463 1296 4528 fecisse
1312 4464 1372 4530 ipse

216 4549 284 4604 miti
311 4556 428 4604 astam
455 4563 513 4603 csse
538 4546 650 4602 uidem
674 4546 742 4601 haec
768 4546 884 4600 oddone:
911 4547 981 4616 quid
1007 4547 1085 4602 enim
1111 4553 1199 4602 nocet
1216 4548 1267 4604 dcc

216 4611 251 4690 12
267 4635 332 4700 fort.
344 4635 431 4690 scrdd.
445 4633 570 4688 Extollit
587 4631 709 4702 (iuquit)
726 4630 853 4698 animos3
871 4640 941 4688 certe
958 4633 1025 4688 doec
1041 4649 1098 4688 noa
1115 4633 1148 4688 de
1164 4649 1218 4688 suc
1235 4637 1371 4690 emito

218 4719 321 4776 Seneca
338 4719 413 4788 dicit,
431 4719 479 4774 sed
497 4718 591 4788 potius
608 4717 641 4772 dc
659 4715 787 4773 Platonis
803 4724 830 4773 ct
847 4717 1011 4785 Aristotelio,
1029 4725 1062 4775 at
1077 4718 1194 4775 osanne
1211 4718 1336 4788 Lipsiae.
