3286 5244
305 341 438 401 XXXII

305 529 361 589 sed
383 532 478 589 bonas
502 515 717 604 correctiones,
742 549 816 606 quas
839 530 990 590 interdum
1012 533 1153 610 praebet,
1178 531 1266 591 attuli
1289 531 1452 608 litteraque

306 633 469 710 Fsignaui.
515 631 558 729 ‘In
579 633 684 711 primis
707 631 988 694 consolationis
1011 632 1056 693 ad
1078 633 1276 712 Polybium
1299 635 1451 714 capitibus

303 754 407 794 omnes
431 736 496 796 eius
518 736 687 814 scripturas
708 736 740 794 in
763 736 1008 796 commentarium
1030 737 1143 796 rettuli.

390 838 478 910 Quod
500 837 540 898 ad
561 837 639 896 hanc
663 837 898 899 consolationem
921 840 1061 917 pertinet,
1085 859 1153 899 cum
1176 839 1258 915 folia,
1283 859 1360 915 quae
1382 841 1451 899 reli-
1507 883 1514 897 .

303 941 389 1018 quias
412 941 477 1000 eius
500 941 727 1016 continuerant,
759 961 796 1001 ex
818 941 1020 1002 Ambrosiano
1043 951 1164 1022 praeter
1186 943 1323 1002 ultimum
1347 943 1452 1003 euulsa

302 1052 421 1120 essent,
455 1043 494 1103 ad
517 1043 638 1104 codices
672 1044 838 1105 deteriores
867 1045 915 1104 hic
950 1044 1184 1124 confugiendum
1215 1055 1289 1118 erat,
1323 1066 1452 1123 quorum

301 1148 468 1225 scripturas
485 1155 609 1225 proptor
626 1148 683 1207 hoc
700 1147 799 1225 ipsum
816 1149 848 1207 in
864 1149 921 1209 hoc
938 1149 1015 1208 libro
1032 1150 1157 1209 uberius
1176 1149 1273 1208 attuli.
1317 1149 1451 1209 Maxime

302 1250 446 1310 utendum
469 1257 534 1309 erat
556 1251 660 1311 codice
682 1250 872 1326 Berolinensa',
896 1252 947 1328 qui
970 1271 1006 1310 ex
1029 1252 1067 1312 iis
1089 1252 1221 1330 optimus
1238 1271 1307 1312 esse
1324 1260 1355 1312 et
1372 1251 1450 1315 adt

301 1352 435 1430 proxime
457 1353 602 1413 accedere
624 1353 752 1428 uidetur,
776 1355 913 1429 quamuis
935 1354 986 1414 illo
1009 1355 1098 1433 longe
1120 1354 1245 1416 inferior
1273 1355 1330 1428 sit;
1359 1354 1450 1414 hrrius

302 1459 414 1520 codicia
431 1459 630 1520 conlationem
647 1476 756 1516 nouam
778 1457 879 1532 habui,
903 1477 972 1516 cum
994 1457 1033 1517 de
1055 1457 1166 1518 Koobii
1183 1456 1243 1518 fide
1259 1457 1309 1516 bic
1329 1477 1450 1534 quoque

301 1563 485 1640 dubitarem,
519 1582 578 1622 non
603 1560 672 1620 ‘sinc
703 1579 810 1635 causa,
844 1568 878 1620 ut
904 1569 1011 1640 postea
1041 1560 1112 1634 uidi.
1172 1560 1282 1620 Manus
1316 1559 1450 1620 secunda

300 1666 389 1726 huius
412 1665 541 1742 codicis,
576 1684 666 1740 quarn
695 1664 817 1743 saepius
848 1665 1093 1740 commemoraui,
1127 1664 1217 1742 plane
1245 1684 1352 1724 recens
1380 1683 1449 1724 esse

301 1769 435 1845 uidetur,
465 1777 499 1828 ut
530 1767 731 1828 correctiones
762 1785 833 1826 suas
861 1764 993 1830 fortasse
1021 1768 1113 1827 etiam
1134 1787 1172 1828 ex
1196 1766 1325 1828 editione
1348 1767 1450 1844 aliqua

300 1873 472 1951 sumpserit.
537 1871 678 1931 Ceterum
706 1865 744 1928 de
772 1869 811 1928 iis
839 1869 1011 1947 codicibus,
1045 1891 1172 1948 quorum
1203 1869 1373 1954 scripturas
1399 1869 1448 1928 hic

300 1976 396 2052 attuli,
420 1997 455 2035 ea
476 1975 585 2052 inspici
607 1973 707 2048 uelim,
730 1991 808 2048 quae
829 1972 914 2032 initio
937 1975 1140 2034 commentarii
1160 1973 1198 2034 ad
1216 1971 1296 2032 hunc
1314 1971 1448 2032 libellum

298 2079 478 2158 pertinentis
508 2077 632 2157 scripsi;
667 2076 716 2136 hic
738 2083 856 2135 tantum
878 2075 957 2136 addo
979 2098 1027 2136 me
1050 2077 1098 2137 hic
1121 2076 1183 2136 illic
1206 2075 1378 2149 dubitasse,
1409 2095 1448 2134 au

299 2201 359 2241 non
381 2201 454 2241 uera
468 2181 506 2241 de
526 2179 664 2241 codicum
682 2177 725 2239 DE
743 2178 903 2258 scripturis
921 2178 1060 2240 Kochius
1082 2177 1220 2255 referret,
1245 2198 1334 2256 quem
1356 2178 1386 2236 in
1409 2178 1447 2236 iis

299 2284 468 2344 indicandis
486 2291 609 2344 secutus
627 2301 702 2358 sum,
726 2301 823 2358 eoque
840 2283 996 2358 inclinare,
1019 2291 1054 2342 ut
1070 2281 1246 2343 liebertum
1262 2302 1324 2342 non
1340 2281 1447 2360 paucis

299 2386 374 2446 locis
393 2386 511 2446 ueriora
530 2395 561 2445 et
577 2393 659 2445 certe
676 2384 811 2464 pleniora
827 2385 982 2446 rettulisse
993 2393 1106 2466 putem.
1142 2384 1244 2445 (lodex
1255 2385 1446 2459 Haunianae,

192 2518 204 2566 ,·
298 2490 384 2549 cuius
406 2489 574 2568 scripturas
596 2487 711 2566 primus
733 2487 901 2566 publicani,
935 2497 1058 2567 praeter
1074 2483 1216 2565 'dialogos
1239 2488 1331 2548 enam
1353 2487 1446 2546 libros

299 2592 509 2669 quaestionum
530 2591 727 2667 naturalium,
755 2591 917 2669 prouerbia
939 2591 1086 2667 Senecae,
1108 2591 1219 2668 librum
1242 2589 1279 2650 de
1302 2591 1445 2666 moribus,

299 2695 427 2771 denique
460 2694 707 2773 scriptiunculam
740 2692 890 2769 quandam
920 2691 957 2752 de
985 2713 1058 2753 cura
1087 2703 1118 2753 et
1146 2693 1234 2753 modo
1265 2691 1446 2754 familiarum

298 2799 445 2872 continet;
477 2797 591 2858 codicis
612 2795 743 2856 Palatini
765 2795 874 2872 quarti,
899 2815 957 2870 quo
980 2815 1055 2856 usus
1078 2805 1126 2857 est
1149 2796 1308 2871 Gruterus,
1331 2796 1446 2856 similli-

297 2921 364 2961 mus
393 2919 462 2961 asae
488 2899 610 2960 uidetur
637 2918 673 2959 ac
701 2897 813 2958 nullius
841 2897 906 2958 fere
933 2899 1023 2977 pretii
1052 2909 1119 2966 est„
1172 2897 1336 2958 Permultis
1365 2907 1446 2958 cete-

297 3025 399 3064 rorum
415 3004 559 3063 librorum
575 3002 651 3063 locis
669 3021 739 3063 eum
756 3001 883 3080 inspexi,
897 2999 951 3061 sed
971 3020 1030 3061 uuo
1047 3000 1114 3061 loco
1132 3009 1259 3080 excepto
1272 3001 1313 3080 (p.
1329 3003 1400 3076 165,
1412 3001 1445 3072 4)

297 3107 371 3168 nihil
393 3106 523 3186 repperi,
547 3103 628 3182 quod
651 3123 884 3164 commemorare
906 3123 1016 3182 operae
1038 3105 1169 3183 pretium
1191 3112 1282 3165 esset.

381 3209 584 3285 Antiquarum
605 3205 826 3286 philologorum
849 3205 1079 3266 commentarios
1101 3207 1361 3284 recentiorumque
1383 3205 1444 3278 (ns-

297 3333 355 3389 que
373 3310 412 3372 ad
429 3333 455 3371 a.
476 3306 570 3385 1885)
592 3309 707 3388 scripta
725 3299 763 3368 a'd
781 3310 1020 3370 emendationem
1037 3309 1315 3387 enarrationemque
1337 3311 1445 3370 horum

296 3415 441 3475 librorum
463 3412 646 3492 pertinentia
672 3431 761 3488 quam
789 3413 873 3491 potui
902 3409 1132 3491 diligentissime
1160 3412 1359 3490 perlustraui,
1387 3433 1443 3473 nec

297 3518 466 3594 quicquam,
489 3516 597 3576 saltem
619 3513 701 3592 quod
723 3515 844 3576 maioris
866 3516 1008 3576 momenti
1026 3523 1117 3591 esset,
1140 3535 1188 3574 me
1206 3514 1324 3594 fugisse
1341 3516 1442 3592 credo,

295 3619 360 3697 scd,
383 3629 494 3699 ut,par
516 3627 596 3695 erat,
619 3637 679 3678 nou
702 3619 815 3695 omnia,
838 3639 916 3697 quaa
937 3619 1007 3679 inde
1030 3619 1107 3678 sumi
1129 3625 1283 3696 poterunt,
1307 3619 1339 3679 in
1363 3639 1443 3678 com·
1520 3621 1523 3624 ’

294 3723 442 3783 monterio
465 3721 569 3782 critico
592 3722 837 3798 commemoraui,
866 3721 920 3782 sed
943 3741 979 3782 ea
1000 3729 1132 3798 tantum,
1161 3741 1239 3798 quae
1261 3721 1348 3781 utilia
1370 3722 1442 3780 mihi

296 3826 490 3900 uidebantur;
519 3824 593 3884 nihil
615 3833 715 3884 tamen
739 3825 882 3886 omissum
905 3843 973 3885 esse
995 3841 1100 3902 spero,
1123 3822 1205 3900 quod
1226 3843 1285 3884 non
1308 3825 1442 3904 ipsorum

295 3937 451 3990 auctorum
474 3947 565 3988 causa
587 3927 720 3988 tacuisse
742 3928 849 3988 melius
871 3937 945 3987 erat.
1002 3926 1221 4002 Correctiones,
1244 3947 1321 4004 quas
1343 3928 1441 4003 attuli,

295 4041 451 4092 auctorum
479 4049 602 4090 suorum
629 4030 800 4091 nominibus
828 4031 950 4108 signare
977 4028 1109 4105 studui,·
1129 4029 1185 4089 sed
1212 4028 1362 4090 interdum
1384 4029 1440 4090 hoo

294 4133 360 4195 fieri
376 4155 436 4194 non
452 4141 586 4212 poterat;
609 4153 679 4193 nam
696 4133 735 4193 de
751 4133 863 4208 multis,
887 4152 964 4211 quae
982 4131 1062 4212 apud
1079 4133 1250 4210 Erasmum,
1270 4131 1440 4208 carrionem,

294 4237 445 4298 Moratum
467 4237 603 4314 aliosque
625 4236 825 4316 reperiuntur,
847 4235 912 4295 iure
934 4235 1066 4295 dubitari
1081 4243 1194 4314 potest,
1217 4243 1318 4295 utrum
1334 4235 1440 4295 horum

293 4341 428 4420 ipsorum
449 4340 582 4400 uirorum
602 4337 732 4416 ingeniis
763 4359 801 4398 an
828 4336 998 4414 codicibus,
1032 4358 1109 4416 quos
1140 4337 1354 4415 adhibuerunt,
1388 4337 1440 4398 de-

293 4445 437 4520 beantur,
466 4443 595 4519 ideoque
624 4441 792 4520 scripturas
813 4439 883 4500 inde
906 4441 944 4501 ab
967 4441 1014 4501 his
1037 4440 1111 4501 uiris
1134 4460 1231 4518 usque
1254 4440 1293 4500 ad
1315 4440 1439 4500 Ficker-

293 4553 357 4606 turn
374 4545 580 4622 Haasiumqus
602 4544 752 4623 uulgatus,
776 4543 957 4622 ubicumque
980 4543 1018 4603 de
1041 4551 1165 4604 auctore
1188 4541 1373 4619 dubitabam,
1396 4544 1440 4602 ita

294 4649 426 4727 signaui,
461 4658 495 4708 ut
526 4665 567 4722 up
586 4692 592 4706 .
611 4649 676 4708 mdc
709 4647 745 4706 ao
773 4647 899 4706 Erosmo
927 4647 1097 4724 similiaque
1130 4647 1310 4722 scriberem5
1346 4665 1438 4725 saepe
