3176 5248
320 325 382 390 160
555 349 582 389 n.
606 347 725 390 suumn
745 345 881 388 sussum
903 345 1102 390 nncoeoavn
1123 349 1184 390 crs.
1207 349 1235 388 v.

283 516 300 570 3
319 513 408 590 Quid
430 513 556 578 ruimus
572 511 608 576 in
625 511 797 598 pugnam?
820 511 902 597 quid
918 511 1105 577 certamina
1120 511 1221 577 nobis
1238 513 1467 580 arcessimus?

317 621 401 707 qnid
431 620 664 686 inbecillitatis
698 619 796 686 obliti
828 620 982 706 ingentia
1016 619 1095 685 odia
1123 620 1325 707 suscipimus
1354 629 1389 686 et
1421 622 1467 688 ad

315 729 543 816 frangendum
569 727 709 815 fragiles
739 728 995 814 consurgimus?
1043 728 1118 794 Iam
1144 728 1228 795 istas
1256 728 1465 816 inimicicias,

316 862 400 926 quas
429 838 626 926 inplacabili
655 837 804 925 gerimus
832 837 960 924 animo,
993 835 1099 903 febris
1128 845 1188 904 aut
1210 837 1348 925 aliquod
1370 839 1467 906 aliud

315 948 441 1016 malum
475 947 626 1034 corporis
656 948 788 1013 uetabit
817 946 905 1034 geri;
938 947 1007 1012 iam
1034 969 1097 1033 par
1124 947 1325 1014 acerrimum
1350 949 1490 1015 medias

281 1068 406 1124 tmere
430 1057 574 1123 dirimet.
620 1057 711 1134 Quid
737 1056 980 1123 tumultuamur
1007 1062 1043 1121 et
1069 1056 1176 1122 uitam
1203 1057 1358 1124 seditiosi
1381 1080 1464 1124 con·

315 1167 514 1233 turbamus?
559 1171 628 1232 stat
671 1189 773 1252 supra
812 1171 915 1252 caput
952 1163 1060 1230 fatum
1101 1171 1136 1231 et
1174 1167 1349 1252 pereuntis
1389 1167 1464 1234 dies

314 1277 451 1362 inputat
488 1275 695 1361 propiusque
736 1297 775 1340 ac
814 1274 954 1362 propius
993 1273 1143 1359 accedit3
1186 1274 1279 1342 istud
1317 1281 1465 1363 tempus,

316 1385 408 1469 quod
440 1383 570 1450 alienae
609 1383 760 1449 destinas
798 1382 915 1469 morti,
954 1382 1100 1450 fortasse
1138 1383 1229 1450 circa
1265 1390 1360 1450 tuam
1401 1392 1462 1452 est.

283 1493 446 1558 lXLHI.
502 1492 591 1570 Quin
618 1492 732 1578 potius
760 1491 867 1558 uitam
894 1493 1035 1558 breuem
1062 1492 1196 1579 colligis
1223 1493 1462 1580 placidamque
1476 1521 1499 1558 u

315 1608 351 1667 et
372 1601 436 1667 tibi
460 1609 494 1668 et
517 1599 639 1666 ceteris
662 1601 840 1687 praestas?
867 1601 948 1686 quin
970 1600 1085 1687 potius
1108 1600 1287 1667 amabilem
1309 1607 1355 1688 te,
1379 1602 1462 1668 dum

313 1711 418 1795 uiuis,
452 1708 624 1794 omnibus,
659 1709 935 1792 desiderabilem,
970 1731 1047 1774 cum
1081 1710 1282 1794 excesseris,
1320 1709 1462 1777 reddis?

314 1819 405 1898 Quid
426 1819 523 1884 illum
544 1819 644 1884 nimis
668 1841 708 1884 ex
730 1818 800 1885 alto
824 1825 937 1884 tecum
959 1825 1119 1904 agentem
1141 1817 1319 1884 detrahere
1339 1820 1461 1906 cupis?

315 1929 398 2014 quid
419 1929 514 1994 illum
537 1928 763 1994 oblatrantem
786 1927 859 2012 tibi,
882 1926 1044 1992 humilem
1066 1927 1203 2013 quidem
1226 1934 1261 1993 et
1283 1933 1459 2015 contemp-

312 2043 394 2122 tum,
418 2037 479 2102 sed
501 2035 730 2123 superioribus
748 2029 883 2102 acidum
901 2059 940 2102 ac
957 2035 1139 2102 molestum
1158 2042 1310 2102 exterere
1329 2037 1459 2102 uiribus
1472 2065 1495 2103 ιε

312 2147 380 2227 ¹tuis
402 2147 575 2233 temptas?
610 2143 692 2231 quid
714 2167 830 2228 seruo,
865 2145 947 2230 quid
968 2145 1121 2230 domino,
1155 2145 1236 2232 quid
1257 2147 1347 2233 regi,
1378 2145 1461 2231 quid

314 2255 430 2320 clienti
459 2261 518 2320 tuo
547 2254 739 2320 irasceris?
764 2255 893 2319 sustine
922 2253 1074 2340 paulum:
1114 2253 1211 2320 uenit
1244 2275 1324 2320 ecoe
1358 2276 1458 2338 mors,

278 2369 401 2450 2quae
434 2385 495 2428 uos
528 2385 628 2449 pares
661 2362 774 2428 faciat.
830 2361 957 2429 Uidere
991 2363 1137 2428 solemus
1170 2362 1260 2428 inter
1291 2363 1461 2428 matutina

311 2471 458 2538 harenae
487 2471 684 2558 spectacula
706 2471 794 2536 tauri
818 2477 852 2535 et
872 2471 942 2536 ursi
964 2493 1115 2557 pugnam
1136 2471 1226 2537 inter
1247 2494 1283 2538 se
1307 2472 1458 2558 conliga-

312 2587 439 2666 torum,
463 2603 564 2666 quos,
595 2603 671 2645 cum
694 2580 781 2646 alter
802 2580 947 2646 alterum
969 2587 1150 2672 uexerunt,
1178 2603 1258 2648 suus
1281 2579 1493 2648 confectore

313 2696 485 2777 expectat:
519 2689 610 2754 idem
631 2688 791 2773 facimus,
812 2689 958 2774 aliquem
986 2690 1165 2756 nobiscum
1193 2689 1382 2777 adligatum
1408 2689 1457 2756 la·

312 2798 490 2882 cessimus,
525 2819 601 2864 cum
635 2798 727 2864 uicto
761 2797 950 2882 uictorique
977 2796 1054 2863 finis
1085 2805 1120 2864 et
1147 2799 1284 2885 quidem
1304 2805 1457 2864 maturus

310 2909 484 2974 inmineat.
536 2907 650 2985 Quieti
677 2906 791 2992 potius
818 2907 998 2992 pacatique
1029 2907 1374 2993 quantumcumque
1402 2929 1456 2972 su·

311 3022 426 3104 perest
454 3016 642 3101 exigamus!
675 3015 759 3080 nulli
788 3015 933 3080 cadauer
965 3022 1120 3082 nostrum
1151 3017 1261 3083 iaceat
1293 3015 1455 3082 inuisum!

276 3125 421 3212 tSaepe
448 3125 556 3190 rixam
585 3124 833 3190 conclamatum
859 3125 895 3188 in
922 3124 1046 3192 uicinia
1073 3125 1269 3191 incendium
1295 3123 1400 3190 soluit
1422 3130 1491 3192 etc

309 3235 522 3300 interuentus
543 3231 637 3298 ferae
657 3233 825 3299 latronem
847 3233 1081 3319 uictoremque
1099 3233 1245 3300 diduxit:
1269 3232 1456 3298 conluctari

311 3365 386 3408 cum
408 3342 595 3408 minoribus
617 3342 713 3407 malis
736 3365 805 3408 non
827 3349 937 3427 uacat,
960 3342 1019 3407 ubi
1035 3349 1146 3408 metus
1162 3341 1270 3408 maior
1287 3341 1454 3428 apparuit.

311 3451 401 3529 Quid
428 3451 527 3516 nobis
550 3473 626 3515 cum
649 3451 866 3518 dimicatione
890 3457 925 3516 et
947 3437 1102 3518 insidiis?
1126 3450 1290 3537 numquid
1311 3449 1454 3537 amplius

308 3560 375 3644 isti,
399 3560 453 3625 cui
474 3559 638 3644 irasceris,
662 3583 763 3645 quam
779 3567 922 3626 mortem
941 3562 1062 3646 optas?
1087 3561 1189 3627 etiam
1206 3565 1241 3626 te
1258 3559 1454 3645 quiescente

313 3769 532 3780 ι---.-.--..

306 3885 324 3940 4
342 3885 416 3941 aliut
434 3887 479 3954 l²‚
498 3903 567 3943 corr.
585 3887 622 3944 A*
734 3889 752 3942 8
775 3870 914 3970 ppriusq;
938 3884 962 3941 Ἀ
1071 3885 1145 3940 istut
1161 3883 1208 3952 1⁴2¹,
1227 3900 1293 3940 corr.
1313 3883 1350 3941 l²

308 3991 341 4043 14
359 3991 393 4044 et
409 3997 607 4060 contemptum
625 3990 657 4058 Ας
684 3997 773 4058 atque
791 3989 962 4058 despectum
979 3984 999 4044 L
1112 3987 1144 4043 15
1163 3993 1294 4044 exterere
1313 3987 1451 4054 Μαηιιως

307 4081 455 4133 exterrere
473 4074 515 4133 lt
574 4077 606 4131 18
623 4075 724 4131 uidere
742 4073 776 4140 l;
794 4075 888 4129 ridere
905 4090 950 4144 up·
968 4072 1032 4129 inde
1050 4091 1068 4128 a
1086 4074 1202 4129 Murrio.
1256 4074 1288 4128 19
1306 4071 1452 4146 herenei

307 4161 335 4233 (e
352 4162 383 4216 ia
400 4178 455 4218 ras.
472 4162 538 4229 sort.
557 4179 590 4217 m.
609 4160 638 4226 1)
741 4159 916 4230 cligatorum
934 4159 956 4216 l
1054 4161 1088 4215 20
1105 4165 1204 4226 uexat,
1223 4160 1241 4213 i.
1260 4175 1281 4212 e.
1300 4165 1451 4226 uexerunt,

306 4246 326 4303 Α
342 4248 476 4316 (idemque
490 4249 631 4317 siqnifieat
645 4243 837 4314 uexaitinll,
856 4247 929 4314 quod
936 4245 1266 4314 desendiposrcuidetur3
1284 4245 1451 4313 uexaritup.

302 4349 401 4400 praua
421 4334 578 4402 quchocIr
595 4333 678 4389 ctiam
693 4332 821 4388 intense
837 4333 910 4397 salso
929 4332 1045 4400 indicas
1063 4331 1184 4387 uexauit
1201 4331 1267 4386 clim
1279 4333 1449 4396 marceant,

705 4419 713 4456 1

306 4491 355 4554 cfr.
375 4505 414 4556 ep.
432 4491 474 4556 56,
493 4493 517 4544 5.
628 4489 661 4543 21
686 4473 840 4571 atligatum
864 4485 945 4553 (ciel)
967 4485 1047 4542 ΑΜ
1151 4485 1185 4539 25
1211 4483 1241 4540 in
1259 4484 1368 4540 uicinia
1386 4482 1406 4541 L
1421 4491 1452 4539 ut

305 4592 471 4658 Facturum
498 4591 529 4646 in
555 4590 664 4647 uicinia
691 4589 725 4657 l;
752 4589 782 4644 in
808 4587 905 4643 uicino
931 4605 1014 4642 noua
1032 4584 1054 4643 D
1072 4593 1099 4642 et
1114 4602 1159 4656 up.
1279 4587 1314 4642 26
1340 4586 1451 4643 diduxit

311 4673 481 4745 Wesenberg
500 4676 612 4731 diducit
629 4676 650 4733 l
753 4673 915 4730 elucteris
