3176 5248
354 395 397 438 an
418 393 561 439 moun
582 397 624 439 ou
645 395 884 456 consonuimus,
906 393 1014 437 rx-x.
1199 367 1261 436 175

201 559 243 626 X.
286 559 458 646 Quicquid
479 565 534 626 est
553 559 630 645 hoc,
658 559 795 642 Marcia,
825 559 917 646 quod
939 559 1029 624 circa
1050 579 1113 624 nos
1137 580 1178 623 ex
1201 557 1295 623 ad-l

121 666 260 734 uenticio
288 665 408 754 Fulget,
441 668 550 755 liberi,
577 667 735 754 honores,
765 691 858 757 opes,
887 668 1000 756 ampla
1027 666 1113 734 atria
1139 672 1175 731 et
1203 689 1259 732 ex-

121 774 281 842 clusorum
303 775 479 844 clientium
496 778 598 844 turba
613 775 742 844 referta
756 777 937 862 uestibulo,
960 775 1088 842 clarum
1110 777 1259 859 (nomeu),

120 883 238 950 nobilis
267 889 326 950 aut
346 883 498 953 formosa
521 885 645 952 coniux
667 892 848 972 ceteraque
871 909 913 952 ex
934 887 1065 951 incerta
1086 889 1121 949 et
1142 882 1261 949 mobili
1355 945 1362 958 ,

95 999 207 1062 ssorte
226 993 413 1080 pendentia
435 994 538 1062 alieni
559 995 832 1081 commodatique
855 1000 1037 1082 apparatus
1059 998 1153 1076 sunt;
1175 989 1261 1056 nihil

119 1099 234 1168 horum
265 1103 357 1169 dono
391 1103 500 1170 datur.
556 1103 753 1171 Conlaticiis
774 1109 818 1170 ¹et
846 1101 890 1170 ad
918 1101 1073 1169 dominos
1101 1099 1262 1167 redituris

118 1209 344 1278 instrumenm
368 1234 492 1278 scaena
514 1211 713 1279 adomatur:
747 1211 815 1278 alia
837 1236 879 1278 ex
899 1211 953 1278 his
974 1211 1083 1299 primo
1107 1209 1172 1295 die,
1196 1208 1263 1276 alia

119 1319 263 1387 secundo
291 1319 492 1406 referentur,
525 1343 637 1407 pauca
663 1343 771 1407 usque
794 1320 839 1386 ad
859 1319 963 1386 finem
983 1318 1261 1408 perseuerebunt.

15 1491 20 1504 ,
118 1427 235 1514 Itaque
272 1450 343 1495 non
377 1435 446 1515 est,
491 1429 583 1516 quod
615 1452 678 1496 nos
712 1429 936 1517 suspiciamus
968 1434 1143 1514 tamquam
1173 1427 1298 1494 inter2

84 1543 231 1606 anostra
257 1537 375 1625 positi:
405 1543 524 1605 mutue
551 1539 754 1625 accepimus.
803 1539 896 1606 Usus
924 1535 1125 1623 fructusque
1146 1541 1264 1602 noster

120 1651 184 1730 est,
217 1645 310 1712 cuius
338 1651 473 1733 tempus
495 1647 552 1713 ille
576 1647 703 1714 arbiter
724 1647 873 1713 muneris
903 1646 956 1713 sui
982 1651 1166 1733 temperat;
1199 1666 1263 1710 nos

120 1760 251 1840 oportet
276 1755 313 1820 in
341 1761 502 1844 promptu
526 1755 666 1841 habere,
699 1779 786 1841 quae
812 1757 849 1822 in
875 1759 1044 1822 incertum
1070 1753 1162 1819 diem
1184 1753 1265 1819 data

118 1869 205 1948 sunt,
226 1868 261 1930 et
282 1862 472 1951 appellatos
496 1863 569 1930 sine
591 1864 742 1951 querella
757 1864 918 1931 reddere:
941 1863 1079 1952 pessimi
1099 1860 1263 1928 debitoris

119 1978 172 2038 est
200 1971 357 2040 creditori
386 1971 500 2040 iacere
528 1973 728 2040 conuicium.
785 1974 911 2040 Omnes
940 1993 1021 2060 ergo
1049 1977 1195 2056 nostros,
1229 1974 1299 2044 et3

83 2111 106 2150 u
118 2102 203 2166 qnos
219 2080 420 2168 superstites
436 2082 515 2168 lege
532 2082 696 2149 nascendi
714 2089 880 2169 optamus,
904 2086 940 2147 et
955 2102 1040 2167 quoe
1057 2077 1264 2166 praecedere

117 2189 332 2256 iustissimum
353 2189 506 2284 ipsorum
527 2197 646 2256 uotum
668 2195 730 2276 est,
763 2191 812 2257 sic
835 2213 947 2258 amare
971 2189 1144 2274 debemus,
1177 2193 1263 2254 tam-

119 2320 217 2382 quam
237 2297 323 2364 nihil
344 2299 444 2365 nobie
468 2299 511 2366 de
533 2298 773 2386 perpetuitate,
800 2299 904 2366 immo
926 2298 1011 2365 nihil
1032 2298 1075 2364 de
1098 2296 1264 2364 diuturni·

118 2411 189 2472 tate
211 2429 327 2474 eorum
348 2407 553 2493 promissum
573 2408 632 2493 sit3
663 2430 766 2495 saepe
789 2409 1023 2475 admonendus
1047 2413 1099 2474 est
1123 2407 1265 2492 animus,

117 2521 207 2580 amet
226 2523 264 2581 ut
284 2537 468 2600 recessura,
502 2515 512 2600 li
537 2516 639 2582 immo
661 2521 835 2604 tamquam
854 2517 1066 2584 recedentia:
1100 2515 1261 2602 quioquid
1278 2526 1328 2583 fol.
1346 2527 1406 2583 42¹·

83 2644 138 2692 ua
157 2621 293 2690 fortuna
315 2623 433 2691 dotum
456 2630 517 2710 est,
547 2630 720 2711 tamquam
742 2633 893 2714 exempto
917 2631 1055 2692 auctore
1077 2623 1263 2710 possideas.

116 2909 251 2966 2liberia
277 2909 361 2976 (erce.
378 2908 436 2964 uid.
455 2909 482 2978 s)
500 2909 522 2966 Α
599 2910 618 2965 3
635 2911 747 2967 clarum
764 2928 872 2966 nomen
890 2909 1022 2980 Modum
1041 2851 1113 2994 citii
1124 2908 1203 2966 Αἱ-1

116 3010 132 3064 5
154 3012 187 3066 io
205 3028 258 3082 my.
276 3011 328 3069 A':
356 3010 516 3068 Gomodatfi
539 3013 556 3067 e
578 3011 617 3083 qd
634 3011 672 3069 ud
689 3032 775 3070 usum
793 3016 879 3068 tantu
897 3010 967 3067 dotti
985 3017 1038 3067 est.
1073 3012 1192 3068 Donatd
1206 3010 1212 3080 Ι
1226 3015 1265 3066 fio

117 3147 164 3218 cuj
182 3140 329 3205 transferi
347 3099 455 3220 mistas
473 3150 504 3218 (i.
522 3167 544 3207 e.
562 3151 735 3222 proprietas,
760 3115 1024 3221 non-perpetuus,
1041 3155 1074 3204 ut
1089 3149 1170 3204 uacet
1185 3147 1267 3204 Koch

855 3236 862 3275 ι

112 3303 201 3371 praef.
215 3319 246 3373 p.
264 3301 373 3370 mr)
459 3303 658 3363 delaticiisd
735 3290 881 3389 redituros
900 3303 980 3360 ΑΜ
1063 3301 1267 3375 Seecundod

199 3423 398 3494 pseuerabunt
415 3423 501 3494 (bunt
518 3441 552 3480 m.
571 3426 588 3479 1
605 3427 636 3480 in
653 3425 723 3493 rae.)
741 3425 764 3482 Α
858 3425 971 3494 91taq;
990 3443 1049 3480 non
1066 3430 1112 3480 est
1130 3405 1169 3494 qwd
1188 3421 1266 3491 inon

118 3515 160 3564 est
178 3508 257 3580 quod
274 3529 327 3566 nos
338 3511 384 3578 M,
402 3511 451 3565 aed
467 3512 583 3566 oltemm
599 3529 659 3566 non
677 3517 723 3567 est
741 3511 818 3582 quod
836 3511 910 3567 lineo
928 3517 1091 3566 mansuem
1107 3509 1268 3578 perforauit

117 3593 150 3650 A²
170 3603 222 3651 out
237 3595 278 3653 A*
383 3597 414 3650 10
431 3595 521 3666 positi
539 3595 572 3666 Α;
599 3596 711 3666 positos
729 3594 748 3655 F
850 3599 882 3652 iu
898 3614 950 3667 my.
969 3595 1020 3654 A⁸z
1047 3595 1127 3652 Usus
1145 3594 1232 3650 fruct'
1251 3595 1268 3648 e

117 3679 159 3736 ius
177 3682 284 3738 alienia
302 3682 366 3752 reb;
391 3679 512 3749 intendi
530 3681 648 3738 fruendi
665 3683 749 3738 salua
766 3701 864 3739 rerum
879 3683 884 3750 Ι
899 3681 1066 3738 substantia
1085 3684 1145 3750 (cfr.
1163 3681 1266 3736 lustin.

117 3765 202 3824 instit.
220 3769 263 3835 11,
289 3770 316 3836 4,
334 3768 361 3834 1)
467 3769 499 3823 12
521 3767 659 3839 inpmptu
675 3769 811 3825 intueat
826 3769 878 3837 A²;
904 3770 954 3824 aed
970 3785 1031 3825 uem
1047 3768 1079 3823 in
1095 3774 1122 3823 et
1138 3784 1173 3822 rc
1187 3772 1268 3835 pom

118 3856 199 3910 mm
215 3861 270 3924 pto
288 3871 320 3910 eo
336 3869 441 3910 rasura
458 3859 484 3908 ct
500 3856 624 3910 edmero
641 3855 821 3924 menbranae,
849 3872 930 3924 pum
951 3871 1040 3924 cumo
1057 3853 1095 3908 od
1116 3870 1146 3922 p.
1166 3853 1224 3920 173,
1250 3851 1268 3905 7

59 3950 64 3962 ·
118 3937 307 4008 (minutatim)
334 3941 552 4008 conmemorant,
575 3939 735 4009 periissent,
760 3941 797 3999 Μ
825 3942 856 3996 iu
881 3957 934 4010 my.
960 3945 972 3995 1
998 3939 1155 4008 adscripsit.

119 4040 189 4092 quae
208 4025 240 4080 in
257 4026 401 4082 incertum
419 4021 438 4082 F
455 4031 482 4080 et
498 4023 584 4083 oliti)
603 4032 634 4080 ut
650 4041 709 4095 effi
727 4043 784 4098 que
801 4025 956 4083 incertfil
1025 4025 1058 4079 15
1075 4041 1148 4094 quos
1166 4039 1267 4092 super·

119 4110 201 4168 stitee
227 4113 305 4179 item
332 4109 410 4181 quod
436 4110 577 4180 supstites
603 4110 626 4168 Α
731 4113 763 4166 16
788 4111 982 4167 iustissimum
1009 4109 1139 4180 ipsorum
1166 4113 1267 4163 uotum

118 4195 190 4263 item
210 4195 390 4252 iustissimus
408 4194 493 4266 ipson
510 4197 634 4254 nouat
738 4198 772 4252 18
789 4214 858 4268 sepe
875 4197 909 4264 Ας
928 4214 1010 4268 semp
1027 4192 1046 4253 F
1138 4194 1171 4248 19
1189 4198 1268 4250 amet

119 4287 149 4336 nt
166 4299 320 4338 recessura
337 4279 355 4338 F
374 4289 400 4337 et
416 4282 469 4338 duo
487 4283 539 4336 alii
556 4280 577 4338 D
593 4289 625 4338 ut
637 4298 681 4351 περ.
695 4283 946 4351 postliminium
964 4287 1062 4336 ametu
1078 4280 1130 4336 ire.
1149 4296 1268 4336 cessura

120 4364 146 4435 A,
163 4369 236 4438 quod
252 4369 331 4423 miris
348 4367 437 4422 turbio
455 4383 554 4422 aurum
571 4369 654 4424 dedit.
723 4369 757 4424 20
775 4374 910 4437 exempto
929 4373 1049 4424 auctore
1069 4366 1199 4435 Mcduiffi
1218 4383 1267 4422 ex-

120 4455 244 4524 emplum
261 4459 381 4509 auctore
399 4452 433 4522 Α;
452 4452 618 4523 exemplum
636 4455 672 4508 ab
691 4461 810 4509 auctore
829 4451 847 4510 F
864 4460 895 4510 ut
913 4453 997 4510 codex
1012 4452 1113 4521 Lipeii,
1131 4453 1178 4520 qui
1194 4451 1268 4505 mira

119 4539 292 4596 emunctione
307 4541 379 4595 hauc
395 4540 564 4609 scripseram
581 4540 704 4606 defendit
721 4547 747 4596 et
762 4538 900 4595 Raetiam
913 4539 1075 4608 probantem
1091 4537 1195 4594 mouit.

120 4625 268 4692 possideas
276 4621 318 4682 uf
324 4645 330 4693 ;
349 4624 498 4694 possideat
511 4625 658 4692 Erormua,
676 4633 708 4682 ut
725 4625 838 4680 animus
855 4626 1002 4680 maecum
1020 4624 1085 4691 ficu
1104 4623 1153 4678 toc
1166 4623 1269 4692 motat

121 4709 201 4778 Koch,
219 4711 288 4766 nuti
301 4727 405 4780 porum
422 4719 517 4782 aptium
533 4711 653 4779 uidetur,
671 4718 697 4766 et
714 4718 783 4767 certe
800 4727 858 4766 nou
873 4709 1030 4767 ueremur-ic
1048 4717 1088 4764 eet
1105 4710 1242 4766 cneco.
