3222 5246
564 407 605 448 na
626 405 679 448 mn
701 406 764 448 nra.
786 407 819 464 1.,
841 405 900 446 vm
943 406 974 446 x.
1303 379 1343 444 61

187 575 429 655 torqueantur.
509 569 603 654 ,Ira“
642 570 754 655 inquit
786 567 990 635 Aristoteles
1029 569 1253 654 ,necessaria
1285 573 1382 653 estu

188 679 471 764 necquicquam
499 678 572 744 sine
600 679 659 744 illa
687 678 875 764 expugnari
903 683 1027 778 potest,
1061 676 1127 742 nisi
1153 677 1213 742 illa
1238 677 1349 763 inplet

190 788 345 852 animum
368 793 404 853 et
425 787 582 874 spiritum
604 787 777 871 accendit;
801 786 967 852 utendum
989 792 1104 851 autem
1125 785 1185 852 illa
1208 793 1261 852 est
1279 807 1348 852 non

189 903 236 961 ut
257 895 353 980 duce,
377 896 440 962 sed
461 903 500 961 ut
522 893 660 962 milite.“
696 896 797 974 Quod
820 902 873 962 est
893 893 1033 961 falsum:
1056 915 1137 959 nam
1158 895 1185 960 si
1210 895 1349 970 exaudit

159 1005 362 1072 arationem
386 1005 617 1090 sequiturque,
641 1027 709 1090 qua
731 1004 875 1088 ducitur,
903 1004 971 1069 iam
991 1025 1060 1068 non
1085 1009 1137 1068 θεὴ
1159 1003 1218 1088 ira,
1252 1003 1348 1069 cuius

190 1114 368 1201 proprium
405 1121 459 1178 θεὴ
493 1114 723 1198 contumacia;
759 1113 787 1178 si
813 1123 902 1179 'uero
931 1119 1102 1199 repugnat
1129 1118 1165 1177 et
1192 1133 1262 1178 nou
1289 1111 1349 1177 nbi

192 1223 284 1288 iussa
306 1229 361 1288 est
383 1223 537 1308 quiescit,
568 1222 629 1287 sed
652 1222 794 1288 libidine
816 1221 1012 1306 ferociaque
1036 1219 1245 1307 prouehitur,
1278 1227 1349 1286 tem

193 1332 323 1396 inutilis
357 1331 462 1397 animi
494 1331 648 1397 minister
681 1337 734 1396 est
767 1353 868 1416 quam
901 1331 1009 1415 miles,
1043 1331 1102 1415 qui
1132 1329 1267 1416 signum
1295 1351 1348 1394 re·

194 1441 309 1527 captui
339 1440 503 1526 neglegit.
547 1439 680 1524 Itaque,
714 1439 741 1502 si
772 1439 911 1506 modum
939 1438 1094 1504 adhiberi
1121 1438 1186 1504 sibi
1208 1439 1384 1525 patitur,3

149 1580 179 1616 ιο
193 1549 260 1615 alio
283 1549 423 1614 nomine
445 1547 650 1636 appellanda
672 1556 733 1631 est,
768 1548 871 1613 desiit
891 1548 942 1613 ira
964 1569 1048 1632 esse,
1083 1569 1184 1632 quam
1207 1547 1348 1613 effrena-

193 1665 265 1723 tam
298 1657 568 1742 indomitamque
601 1657 781 1742 intellego;
823 1657 853 1721 si
885 1677 955 1722 non
987 1656 1125 1744 patitur,
1159 1657 1349 1742 perniciosa

194 1772 248 1832 θεὴ
277 1789 342 1832 nec
368 1767 459 1830 inter
487 1765 611 1832 auxilia
637 1766 862 1832 numeranda:
892 1767 941 1830 ita
969 1772 1030 1831 aut
1050 1765 1102 1830 ira
1123 1785 1193 1830 non
1216 1772 1268 1830 θεὴ
1290 1771 1350 1830 eut

192 1875 325 1940 inutilis
349 1882 410 1940 θεὴ.
455 1875 542 1940 Nam
565 1876 593 1940 si
615 1875 691 1960 quis
713 1897 860 1962 poenam
883 1875 990 1960 exigit
1005 1896 1076 1940 nou
1091 1873 1199 1960 ipsius
1217 1887 1384 1960 poena04

194 1983 333 2068 auidus,
368 1983 431 2048 sed
465 1984 545 2068 quia
580 1991 731 2070 oportet,
764 2007 833 2050 non
862 1991 915 2048 θεὴ
942 1982 1217 2048 adnumerandus
1244 1983 1349 2047 iratis.

156 2123 181 2162 n
194 2092 263 2158 Hic
297 2093 364 2158 erit
396 2091 490 2157 ueni·
523 2091 629 2177 miles,
664 2093 723 2179 qui
755 2093 821 2158 scit
850 2113 970 2178 parere
1001 2092 1159 2176 consili03
1194 2089 1349 2157 adfectus

194 2201 337 2286 quidem
359 2207 431 2266 tam
452 2201 533 2266 mali
555 2201 701 2266 ministri
725 2223 827 2286 quam
849 2200 953 2266 duces
976 2208 1065 2288 suut.

280 2309 327 2375 X.
372 2309 456 2375 Ideo
485 2331 670 2395 numquam
699 2309 856 2374 adsumet
882 2310 969 2375 ratio
999 2310 1035 2374 in
1064 2309 1270 2375 adiutorium
1297 2309 1382 2381 in·1

194 2418 359 2506 prouidos
390 2425 426 2484 et
452 2419 623 2484 uiolentos
653 2419 811 2504 impetus,
845 2418 938 2503 apud
960 2440 1045 2504 quos
1067 2417 1152 2483 nihil
1174 2418 1250 2505 ipsa
1272 2440 1350 2484 auc·

194 2526 346 2593 toritatis
375 2525 516 2610 habeat,
551 2549 637 2612 quoe
665 2549 850 2611 numquam
877 2527 1099 2613 comprimere
1127 2527 1250 2614 possit,
1285 2528 1350 2592 nisi

154 2667 181 2706 ιθ
195 2658 296 2724 pares
327 2635 396 2700 illis
426 2635 613 2720 similisque
636 2635 836 2723 opposuerit
870 2635 920 2718 [ut
942 2635 1012 2700 irae
1035 2641 1173 2718 metum,
1206 2636 1350 2701 inertiae

196 2745 291 2828 iram,
315 2744 431 2810 timori
453 2744 698 2830 cupiditatem].
743 2744 846 2830 Apsit
867 2743 933 2808 hoc
956 2767 976 2809 a
997 2743 1126 2810 uirtute
1148 2745 1283 2829 malum,
1313 2751 1386 2816 uta

197 2873 360 2938 umquam
382 2853 469 2918 ratio
493 2851 535 2917 ad
559 2853 644 2917 uitia
665 2850 858 2938 confugiat!
904 2852 981 2918 Non
1002 2859 1118 2939 potest
1140 2851 1195 2916 hic
1219 2852 1350 2918 animus

196 2960 298 3026 fidele
331 2961 438 3026 otium
468 2983 600 3047 capere,
635 2961 809 3046 quatiatur
838 2983 977 3026 necesse
1009 2957 1062 3026 est
1088 2959 1350 3045 fluctueturque,

197 3069 256 3155 qui
285 3069 386 3134 malis
408 3069 478 3134 siris
501 3075 596 3134 tutus
620 3075 681 3152 est,
716 3069 775 3154 qui
797 3068 895 3134 fortis
918 3092 993 3134 esse
1015 3069 1081 3134 nisi
1103 3069 1260 3134 nescitur
1280 3091 1351 3136 non

158 3209 186 3248 aa
199 3185 325 3263 potest,
358 3176 546 3242 industrius
568 3177 634 3242 nisi
657 3177 761 3263 cupit,
783 3177 919 3262 quietus
941 3177 1008 3242 nisi
1030 3177 1142 3243 timet:
1176 3178 1212 3242 in
1234 3185 1350 3264 tyran·

197 3285 278 3351 nide
309 3284 360 3350 illi
382 3285 569 3352 uiuendum
592 3293 644 3352 θεὴ
665 3285 701 3350 in
725 3285 868 3351 alicuius
891 3285 1046 3352 adlectus
1069 3287 1223 3352 uenienti
1244 3288 1350 3353 serui-

196 3399 318 3460 tutem.
370 3393 448 3460 Non
469 3395 579 3482 pudet
599 3395 745 3460 uirtutes
767 3394 804 3458 in
827 3395 1023 3462 clientelam
1044 3396 1206 3462 uitiorum
1228 3396 1350 3463 demit-

197 3503 294 3568 tere?
360 3503 495 3568 Deinde
534 3503 661 3570 desinit
699 3503 881 3588 quicquam
919 3527 1020 3590 posse
1053 3505 1157 3590 ratic,
1203 3505 1232 3570 si
1264 3505 1386 3578 nihile

197 3617 313 3697 potent
345 3609 419 3676 sine
453 3609 606 3696 adfectu,
641 3618 677 3678 θὴ
708 3612 830 3698 incipit
862 3635 924 3698 par
956 3613 1006 3678 illi
1040 3613 1226 3700 similisque
1260 3637 1349 3698 esse;

199 3867 408 3923 ldristctelee
426 3868 471 3923 udi
489 3869 538 3924 noc
554 3869 661 3939 dicerit,
680 3871 775 3926 macic.
845 3871 862 3924 4
880 3878 927 3926 θεὴ
944 3869 1049 3925 salsum
1065 3870 1099 3938 A;
1117 3870 1224 3927 falsum
1243 3879 1289 3928 est
1305 3889 1350 3942 up.

133 3957 137 3970 '
300 3956 317 4006 5
335 3969 393 4022 qua
411 3952 528 4009 ducitur
544 3955 626 4010 tutet
640 3955 725 4010 etium
743 3954 764 4012 Α
781 3948 961 4025 (quaducit),
979 3973 1034 4012 nen
1052 3973 1109 4026 quo
1127 3957 1258 4026 ducitur;
1277 3965 1352 4014 errat

197 4036 284 4093 Kudt.
390 4041 422 4093 10
449 4039 536 4095 desiit
563 4039 675 4096 Fickert
700 4059 733 4096 cc
760 4057 814 4097 utto
841 4038 877 4108 ὓς
906 4043 983 4098 desit
1009 4042 1044 4110 Ας
1068 4043 1179 4099 desinit
1204 4061 1248 4113 cc.

200 4125 231 4178 11
250 4123 401 4195 pumicea
419 4124 441 4181 Α
460 4125 541 4193 (eraa
561 4144 576 4180 c
595 4128 639 4180 cel
655 4127 684 4194 o)
790 4129 822 4182 18
838 4128 976 4198 {petusA
1071 4135 1143 4200 aput
1160 4128 1206 4194 ΑΗ
1225 4145 1292 4184 eurr.
1311 4129 1349 4186 A'

303 4210 336 4264 19
354 4211 495 4280 eprimere
514 4209 535 4267 l
638 4214 672 4267 20
691 4212 860 4283 opposuerit
878 4213 900 4272 Α
918 4221 950 4270 nt
964 4231 1024 4284 uoq
1051 4212 1221 4285 opposueris
1239 4212 1354 4271 Fickert

199 4294 301 4362 (merc
328 4297 467 4365 typorum)
493 4305 519 4352 et
546 4299 642 4352 Haase
745 4305 803 4355 nt.
823 4299 1038 4368 ‚cupiditatem
1064 4299 1181 4355 dewtdc
1207 4315 1264 4354 cese
1290 4299 1352 4355 dici

200 4377 279 4435 Stud-
297 4382 357 4436 crit
381 4397 411 4450 p.
428 4383 478 4449 74,
506 4391 576 4438 certe
601 4382 738 4439 inertiam
766 4385 928 4455 cupiditati,
956 4385 1029 4440 iram
1056 4383 1154 4440 timori
1180 4386 1352 4440 enitendum

200 4473 268 4534 erat,
286 4471 318 4520 ut
334 4466 399 4522 tuce
416 4469 508 4535 aliquo
525 4469 604 4524 modo
621 4470 660 4524 iis
677 4471 876 4539 responderent,
895 4487 964 4540 quae
978 4471 1059 4536 infra
1073 4487 1098 4526 u.
1108 4472 1147 4525 24
1161 4487 1199 4540 eq.
1209 4473 1351 4542 locamur:

151 4585 158 4606 .
200 4550 249 4620 qui
275 4550 498 4608 fortis..timet.
603 4556 637 4610 21
664 4555 743 4610 neit
760 4555 796 4613 l·
826 4559 856 4622 (b
883 4572 918 4612 ca·
944 4573 962 4625 p
990 4557 1073 4620 corr.)
1176 4557 1211 4612 23
1238 4575 1350 4628 capere,

201 4635 363 4705 quatiatur:
381 4637 415 4692 do
431 4641 651 4708 interpunctione
667 4641 724 4696 uid.
741 4640 819 4697 sau
838 4643 896 4698 cn't
915 4642 934 4696 1.
948 4641 965 4697 l.
1069 4643 1104 4697 29
1121 4641 1259 4714 similisq;
1276 4659 1348 4702 conr.

200 4735 241 4776 a.
259 4721 401 4794 similesq;
418 4725 484 4790 sort.
501 4725 536 4781 l¹
