<?xml version="1.0" encoding="UTF-8"?>
<!DOCTYPE html PUBLIC "-//W3C//DTD XHTML 1.0 Transitional//EN"
    "http://www.w3.org/TR/xhtml1/DTD/xhtml1-transitional.dtd">
<html xmlns="http://www.w3.org/1999/xhtml" xml:lang="en" lang="en">
 <head>
  <title>
</title>
<meta http-equiv="Content-Type" content="text/html;charset=utf-8" />
  <meta name='ocr-system' content='tesseract 3.04.00' />
  <meta name='ocr-capabilities' content='ocr_page ocr_carea ocr_par ocr_line ocrx_word'/>
</head>
<body>
  <div class='ocr_page' id='page_1' title='image "./lannaeisenecaed00senegoog/lannaeisenecaed00senegoog_0019.png"; bbox 0 0 3286 5244; ppageno 0'>
   <div class='ocr_carea' id='block_1_1' title="bbox 274 298 358 360">
    <p class='ocr_par' dir='ltr' id='par_1_1' title="bbox 274 298 358 360">
     <span class='ocr_line' id='line_1_1' title="bbox 274 298 358 360; baseline 0 0"><span class='ocrx_word' id='word_1_1' title='bbox 274 298 358 360; x_wconf 87' lang='lat' dir='ltr'><strong>VIII</strong></span> 
     </span>
    </p>
   </div>
   <div class='ocr_carea' id='block_1_2' title="bbox 261 487 1505 4804">
    <p class='ocr_par' dir='ltr' id='par_1_2' title="bbox 261 487 1505 2222">
     <span class='ocr_line' id='line_1_2' title="bbox 274 487 1421 566; baseline 0 -18"><span class='ocrx_word' id='word_1_2' title='bbox 274 487 402 548; x_wconf 89' lang='lat' dir='ltr'>Paulum</span> <span class='ocrx_word' id='word_1_3' title='bbox 424 487 563 566; x_wconf 76' lang='lat' dir='ltr'><strong>epistula,</strong></span> <span class='ocrx_word' id='word_1_4' title='bbox 587 497 618 548; x_wconf 90' lang='lat' dir='ltr'>et</span> <span class='ocrx_word' id='word_1_5' title='bbox 639 487 713 549; x_wconf 87' lang='lat' dir='ltr'>haec</span> <span class='ocrx_word' id='word_1_6' title='bbox 736 488 856 566; x_wconf 90' lang='lat' dir='ltr'>quidem</span> <span class='ocrx_word' id='word_1_7' title='bbox 878 489 978 549; x_wconf 87' lang='lat' dir='ltr'>omnia</span> <span class='ocrx_word' id='word_1_8' title='bbox 994 509 1100 549; x_wconf 88' lang='lat' dir='ltr'>manus</span> <span class='ocrx_word' id='word_1_9' title='bbox 1117 509 1234 566; x_wconf 86' lang='lat' dir='ltr'>reeens,</span> <span class='ocrx_word' id='word_1_10' title='bbox 1251 497 1286 548; x_wconf 87' lang='lat' dir='ltr'>ut</span> <span class='ocrx_word' id='word_1_11' title='bbox 1301 489 1421 549; x_wconf 87' lang='lat' dir='ltr'>uidetur</span> 
     </span>
     <span class='ocr_line' id='line_1_3' title="bbox 274 591 1421 672; baseline -0.002 -18"><span class='ocrx_word' id='word_1_12' title='bbox 274 612 354 654; x_wconf 85' lang='lat' dir='ltr'>saec.</span> <span class='ocrx_word' id='word_1_13' title='bbox 377 591 457 653; x_wconf 89' lang='lat' dir='ltr'>XIV</span> <span class='ocrx_word' id='word_1_14' title='bbox 478 599 532 652; x_wconf 86' lang='lat' dir='ltr'>ant</span> <span class='ocrx_word' id='word_1_15' title='bbox 553 591 623 668; x_wconf 89' lang='lat' dir='ltr'>XV,</span> <span class='ocrx_word' id='word_1_16' title='bbox 660 593 692 652; x_wconf 92' lang='lat' dir='ltr'>in</span> <span class='ocrx_word' id='word_1_17' title='bbox 712 592 833 672; x_wconf 84' lang='lat' dir='ltr'>pagina,</span> <span class='ocrx_word' id='word_1_18' title='bbox 867 612 957 669; x_wconf 90' lang='lat' dir='ltr'>quam</span> <span class='ocrx_word' id='word_1_19' title='bbox 979 611 1086 654; x_wconf 89' lang='lat' dir='ltr'>manus</span> <span class='ocrx_word' id='word_1_20' title='bbox 1108 593 1206 672; x_wconf 91' lang='lat' dir='ltr'>prima</span> <span class='ocrx_word' id='word_1_21' title='bbox 1226 613 1354 654; x_wconf 87' lang='lat' dir='ltr'>uacuam</span> <span class='ocrx_word' id='word_1_22' title='bbox 1374 613 1421 652; x_wconf 89' lang='lat' dir='ltr'>ro·</span> 
     </span>
     <span class='ocr_line' id='line_1_4' title="bbox 274 695 1422 776; baseline 0 -20"><span class='ocrx_word' id='word_1_23' title='bbox 274 695 412 774; x_wconf 80' lang='lat' dir='ltr'>liquerat,</span> <span class='ocrx_word' id='word_1_24' title='bbox 446 695 577 775; x_wconf 79' lang='lat' dir='ltr'>scripsit.</span> <span class='ocrx_word' id='word_1_25' title='bbox 633 695 835 774; x_wconf 80' lang='lat' dir='ltr'>Sequentibus</span> <span class='ocrx_word' id='word_1_26' title='bbox 864 703 1006 772; x_wconf 89' lang='lat' dir='ltr'>quattuor</span> <span class='ocrx_word' id='word_1_27' title='bbox 1032 697 1151 776; x_wconf 80' lang='lat' dir='ltr'>paginis</span> <span class='ocrx_word' id='word_1_28' title='bbox 1179 696 1313 773; x_wconf 89' lang='lat' dir='ltr'>reliquae</span> <span class='ocrx_word' id='word_1_29' title='bbox 1335 696 1422 756; x_wconf 87' lang='lat' dir='ltr'>Pauli</span> 
     </span>
     <span class='ocr_line' id='line_1_5' title="bbox 275 797 1421 878; baseline 0 -20"><span class='ocrx_word' id='word_1_30' title='bbox 275 806 306 858; x_wconf 92' lang='lat' dir='ltr'>et</span> <span class='ocrx_word' id='word_1_31' title='bbox 333 797 466 859; x_wconf 76' lang='lat' dir='ltr'>Senecae</span> <span class='ocrx_word' id='word_1_32' title='bbox 496 797 644 878; x_wconf 80' lang='lat' dir='ltr'>epistulae</span> <span class='ocrx_word' id='word_1_33' title='bbox 672 806 703 859; x_wconf 91' lang='lat' dir='ltr'>et</span> <span class='ocrx_word' id='word_1_34' title='bbox 731 799 916 878; x_wconf 81' lang='lat' dir='ltr'>epitaphium</span> <span class='ocrx_word' id='word_1_35' title='bbox 944 799 1078 860; x_wconf 86' lang='lat' dir='ltr'>Senecae</span> <span class='ocrx_word' id='word_1_36' title='bbox 1106 801 1312 874; x_wconf 73' lang='lat' dir='ltr'>continentur,</span> <span class='ocrx_word' id='word_1_37' title='bbox 1346 799 1421 860; x_wconf 89' lang='lat' dir='ltr'>haec</span> 
     </span>
     <span class='ocr_line' id='line_1_6' title="bbox 273 899 1424 982; baseline 0.002 -22"><span class='ocrx_word' id='word_1_38' title='bbox 273 921 363 961; x_wconf 89' lang='lat' dir='ltr'>manu</span> <span class='ocrx_word' id='word_1_39' title='bbox 385 901 482 980; x_wconf 89' lang='lat' dir='ltr'>prima</span> <span class='ocrx_word' id='word_1_40' title='bbox 504 899 560 972; x_wconf 65' lang='lat' dir='ltr'>(h)</span> <span class='ocrx_word' id='word_1_41' title='bbox 583 902 698 981; x_wconf 87' lang='lat' dir='ltr'>scripta</span> <span class='ocrx_word' id='word_1_42' title='bbox 720 908 801 977; x_wconf 85' lang='lat' dir='ltr'>sunt,</span> <span class='ocrx_word' id='word_1_43' title='bbox 823 902 882 963; x_wconf 89' lang='lat' dir='ltr'>nisi</span> <span class='ocrx_word' id='word_1_44' title='bbox 904 903 986 979; x_wconf 90' lang='lat' dir='ltr'>quod</span> <span class='ocrx_word' id='word_1_45' title='bbox 1008 903 1170 982; x_wconf 80' lang='lat' dir='ltr'>epistulam</span> <span class='ocrx_word' id='word_1_46' title='bbox 1191 903 1259 963; x_wconf 87' lang='lat' dir='ltr'>XII</span> <span class='ocrx_word' id='word_1_47' title='bbox 1282 899 1361 978; x_wconf 75' lang='lat' dir='ltr'>(Aac</span> <span class='ocrx_word' id='word_1_48' title='bbox 1382 905 1424 962; x_wconf 83' lang='lat' dir='ltr'>mi</span> 
     </span>
     <span class='ocr_line' id='line_1_7' title="bbox 269 1000 1420 1084; baseline 0.002 -21"><span class='ocrx_word' id='word_1_49' title='bbox 269 1005 364 1064; x_wconf 77' lang='lat' dir='ltr'>Paula</span> <span class='ocrx_word' id='word_1_50' title='bbox 386 1007 542 1067; x_wconf 65' lang='lat' dir='ltr'>carnaeae.</span> <span class='ocrx_word' id='word_1_51' title='bbox 587 1007 719 1068; x_wconf 71' lang='lat' dir='ltr'>Pomone</span> <span class='ocrx_word' id='word_1_52' title='bbox 739 1000 817 1080; x_wconf 72' lang='lat' dir='ltr'>dc),</span> <span class='ocrx_word' id='word_1_53' title='bbox 847 1026 937 1083; x_wconf 86' lang='lat' dir='ltr'>quarn</span> <span class='ocrx_word' id='word_1_54' title='bbox 960 1024 1067 1066; x_wconf 87' lang='lat' dir='ltr'>manus</span> <span class='ocrx_word' id='word_1_55' title='bbox 1089 1005 1186 1084; x_wconf 90' lang='lat' dir='ltr'>prima</span> <span class='ocrx_word' id='word_1_56' title='bbox 1208 1006 1360 1080; x_wconf 88' lang='lat' dir='ltr'>omiserat,</span> <span class='ocrx_word' id='word_1_57' title='bbox 1384 1026 1420 1065; x_wconf 88' lang='lat' dir='ltr'>ea</span> 
     </span>
     <span class='ocr_line' id='line_1_8' title="bbox 271 1107 1421 1188; baseline 0 -21"><span class='ocrx_word' id='word_1_58' title='bbox 271 1127 387 1184; x_wconf 89' lang='lat' dir='ltr'>manue,</span> <span class='ocrx_word' id='word_1_59' title='bbox 422 1129 512 1185; x_wconf 90' lang='lat' dir='ltr'>quam</span> <span class='ocrx_word' id='word_1_60' title='bbox 540 1110 576 1168; x_wconf 64' lang='grc' dir='ltr'>Α*</span> <span class='ocrx_word' id='word_1_61' title='bbox 602 1107 725 1184; x_wconf 88' lang='lat' dir='ltr'>uocaui,</span> <span class='ocrx_word' id='word_1_62' title='bbox 758 1109 790 1168; x_wconf 91' lang='lat' dir='ltr'>in</span> <span class='ocrx_word' id='word_1_63' title='bbox 823 1107 896 1168; x_wconf 89' lang='lat' dir='ltr'>folio</span> <span class='ocrx_word' id='word_1_64' title='bbox 929 1110 971 1169; x_wconf 87' lang='lat'>88</span> <span class='ocrx_word' id='word_1_65' title='bbox 1003 1115 1087 1169; x_wconf 90' lang='lat' dir='ltr'>recto</span> <span class='ocrx_word' id='word_1_66' title='bbox 1120 1107 1200 1170; x_wconf 87' lang='lat' dir='ltr'>infra</span> <span class='ocrx_word' id='word_1_67' title='bbox 1233 1107 1421 1188; x_wconf 82' lang='lat' dir='ltr'>epitaphium</span> 
     </span>
     <span class='ocr_line' id='line_1_9' title="bbox 261 1207 1421 1300; baseline 0.001 -30"><span class='ocrx_word' id='word_1_68' title='bbox 261 1210 404 1300; x_wconf 26' lang='lat' dir='ltr'>„Senecae</span> <span class='ocrx_word' id='word_1_69' title='bbox 426 1211 550 1288; x_wconf 86' lang='lat' dir='ltr'>adiecit;</span> <span class='ocrx_word' id='word_1_70' title='bbox 573 1213 649 1273; x_wconf 87' lang='lat' dir='ltr'>haec</span> <span class='ocrx_word' id='word_1_71' title='bbox 671 1211 777 1272; x_wconf 89' lang='lat' dir='ltr'>eadem</span> <span class='ocrx_word' id='word_1_72' title='bbox 798 1232 906 1273; x_wconf 89' lang='lat' dir='ltr'>manus</span> <span class='ocrx_word' id='word_1_73' title='bbox 929 1207 987 1287; x_wconf 61' lang='lat' dir='ltr'>(M)</span> <span class='ocrx_word' id='word_1_74' title='bbox 1009 1212 1213 1274; x_wconf 85' lang='lat' dir='ltr'>correctiones</span> <span class='ocrx_word' id='word_1_75' title='bbox 1225 1219 1257 1272; x_wconf 85' lang='lat' dir='ltr'>et</span> <span class='ocrx_word' id='word_1_76' title='bbox 1271 1217 1359 1272; x_wconf 88' lang='lat' dir='ltr'>notas</span> <span class='ocrx_word' id='word_1_77' title='bbox 1370 1211 1421 1272; x_wconf 89' lang='lat' dir='ltr'>uel</span> 
     </span>
     <span class='ocr_line' id='line_1_10' title="bbox 270 1313 1419 1395; baseline -0.001 -21"><span class='ocrx_word' id='word_1_78' title='bbox 270 1315 301 1374; x_wconf 94' lang='lat' dir='ltr'>in</span> <span class='ocrx_word' id='word_1_79' title='bbox 334 1316 470 1393; x_wconf 82' lang='lat' dir='ltr'>margine</span> <span class='ocrx_word' id='word_1_80' title='bbox 503 1313 553 1377; x_wconf 84' lang='lat' dir='ltr'>uel</span> <span class='ocrx_word' id='word_1_81' title='bbox 585 1316 616 1376; x_wconf 92' lang='lat' dir='ltr'>in</span> <span class='ocrx_word' id='word_1_82' title='bbox 643 1315 709 1394; x_wconf 90' lang='lat' dir='ltr'>ipso</span> <span class='ocrx_word' id='word_1_83' title='bbox 744 1321 828 1376; x_wconf 83' lang='lat' dir='ltr'>textu</span> <span class='ocrx_word' id='word_1_84' title='bbox 855 1316 987 1376; x_wconf 89' lang='lat' dir='ltr'>omnium</span> <span class='ocrx_word' id='word_1_85' title='bbox 1015 1315 1213 1395; x_wconf 83' lang='lat' dir='ltr'>epistularum</span> <span class='ocrx_word' id='word_1_86' title='bbox 1241 1314 1419 1394; x_wconf 73' lang='lat' dir='ltr'>adscripsit3</span> 
     </span>
     <span class='ocr_line' id='line_1_11' title="bbox 270 1417 1419 1496; baseline 0 -20"><span class='ocrx_word' id='word_1_87' title='bbox 270 1437 378 1496; x_wconf 89' lang='lat' dir='ltr'>parum</span> <span class='ocrx_word' id='word_1_88' title='bbox 398 1417 493 1496; x_wconf 90' lang='lat' dir='ltr'>igitur</span> <span class='ocrx_word' id='word_1_89' title='bbox 514 1439 586 1480; x_wconf 88' lang='lat' dir='ltr'>uera</span> <span class='ocrx_word' id='word_1_90' title='bbox 608 1426 689 1494; x_wconf 87' lang='lat' dir='ltr'>sunt,</span> <span class='ocrx_word' id='word_1_91' title='bbox 713 1438 790 1496; x_wconf 88' lang='lat' dir='ltr'>quae</span> <span class='ocrx_word' id='word_1_92' title='bbox 813 1418 846 1479; x_wconf 85' lang='lat' dir='ltr'>G.</span> <span class='ocrx_word' id='word_1_93' title='bbox 864 1418 1069 1480; x_wconf 87' lang='lat' dir='ltr'>Waohsmuth</span> <span class='ocrx_word' id='word_1_94' title='bbox 1090 1420 1121 1479; x_wconf 92' lang='lat' dir='ltr'>in</span> <span class='ocrx_word' id='word_1_95' title='bbox 1143 1419 1250 1480; x_wconf 85' lang='lat' dir='ltr'>Museo</span> <span class='ocrx_word' id='word_1_96' title='bbox 1272 1417 1419 1478; x_wconf 86' lang='lat' dir='ltr'>Rhenano</span> 
     </span>
     <span class='ocr_line' id='line_1_12' title="bbox 274 1520 1421 1601; baseline 0.002 -23"><span class='ocrx_word' id='word_1_97' title='bbox 274 1521 352 1580; x_wconf 89' lang='grc'>1861</span> <span class='ocrx_word' id='word_1_98' title='bbox 388 1540 516 1598; x_wconf 88' lang='lat' dir='ltr'>eumque</span> <span class='ocrx_word' id='word_1_99' title='bbox 549 1529 673 1583; x_wconf 86' lang='lat' dir='ltr'>secutus</span> <span class='ocrx_word' id='word_1_100' title='bbox 700 1523 737 1583; x_wconf 82' lang='grc' dir='ltr'>Ε.</span> <span class='ocrx_word' id='word_1_101' title='bbox 761 1520 965 1601; x_wconf 88' lang='lat' dir='ltr'>Westerburg</span> <span class='ocrx_word' id='word_1_102' title='bbox 997 1521 1036 1584; x_wconf 92' lang='lat' dir='ltr'>de</span> <span class='ocrx_word' id='word_1_103' title='bbox 1069 1521 1173 1584; x_wconf 88' lang='lat' dir='ltr'>codice</span> <span class='ocrx_word' id='word_1_104' title='bbox 1199 1520 1421 1582; x_wconf 83' lang='lat' dir='ltr'>Mediolanensi</span> 
     </span>
     <span class='ocr_line' id='line_1_13' title="bbox 270 1623 1420 1706; baseline 0.001 -24"><span class='ocrx_word' id='word_1_105' title='bbox 270 1623 378 1682; x_wconf 90' lang='lat' dir='ltr'>harum</span> <span class='ocrx_word' id='word_1_106' title='bbox 410 1624 607 1702; x_wconf 84' lang='lat' dir='ltr'>epistularum</span> <span class='ocrx_word' id='word_1_107' title='bbox 640 1625 837 1704; x_wconf 83' lang='lat' dir='ltr'>scripserunt.</span> <span class='ocrx_word' id='word_1_108' title='bbox 892 1625 1056 1706; x_wconf 79' lang='lat' dir='ltr'>Epitaphio</span> <span class='ocrx_word' id='word_1_109' title='bbox 1084 1624 1218 1686; x_wconf 80' lang='lat' dir='ltr'>Senecae</span> <span class='ocrx_word' id='word_1_110' title='bbox 1250 1625 1282 1684; x_wconf 92' lang='lat' dir='ltr'>in</span> <span class='ocrx_word' id='word_1_111' title='bbox 1315 1623 1420 1684; x_wconf 89' lang='lat' dir='ltr'>eadem</span> 
     </span>
     <span class='ocr_line' id='line_1_14' title="bbox 272 1727 1419 1804; baseline -0.001 -18"><span class='ocrx_word' id='word_1_112' title='bbox 272 1727 383 1804; x_wconf 89' lang='lat' dir='ltr'>pagina</span> <span class='ocrx_word' id='word_1_113' title='bbox 411 1747 502 1788; x_wconf 90' lang='lat' dir='ltr'>manu</span> <span class='ocrx_word' id='word_1_114' title='bbox 531 1729 590 1790; x_wconf 85' lang='lat' dir='ltr'>aha</span> <span class='ocrx_word' id='word_1_115' title='bbox 617 1728 761 1790; x_wconf 86' lang='lat' dir='ltr'>adiuncta</span> <span class='ocrx_word' id='word_1_116' title='bbox 789 1735 837 1790; x_wconf 92' lang='lat' dir='ltr'>ast</span> <span class='ocrx_word' id='word_1_117' title='bbox 864 1728 954 1789; x_wconf 88' lang='lat' dir='ltr'>huius</span> <span class='ocrx_word' id='word_1_118' title='bbox 982 1729 1123 1790; x_wconf 78' lang='lat' dir='ltr'>carminis</span> <span class='ocrx_word' id='word_1_119' title='bbox 1151 1729 1251 1789; x_wconf 88' lang='lat' dir='ltr'>uersio</span> <span class='ocrx_word' id='word_1_120' title='bbox 1280 1727 1419 1790; x_wconf 87' lang='lat' dir='ltr'>Italiana.</span> 
     </span>
     <span class='ocr_line' id='line_1_15' title="bbox 271 1830 1421 1912; baseline 0.002 -22"><span class='ocrx_word' id='word_1_121' title='bbox 271 1831 410 1908; x_wconf 91' lang='lat' dir='ltr'>Denique</span> <span class='ocrx_word' id='word_1_122' title='bbox 432 1831 463 1891; x_wconf 94' lang='lat' dir='ltr'>in</span> <span class='ocrx_word' id='word_1_123' title='bbox 484 1830 550 1892; x_wconf 82' lang='lat' dir='ltr'>folii</span> <span class='ocrx_word' id='word_1_124' title='bbox 571 1835 613 1894; x_wconf 89' lang='lat'>88</span> <span class='ocrx_word' id='word_1_125' title='bbox 636 1833 747 1912; x_wconf 89' lang='lat' dir='ltr'>pagina</span> <span class='ocrx_word' id='word_1_126' title='bbox 769 1832 904 1893; x_wconf 88' lang='lat' dir='ltr'>secunda</span> <span class='ocrx_word' id='word_1_127' title='bbox 924 1833 1071 1894; x_wconf 88' lang='lat' dir='ltr'>hahemus</span> <span class='ocrx_word' id='word_1_128' title='bbox 1093 1832 1253 1894; x_wconf 81' lang='lat' dir='ltr'>formulam</span> <span class='ocrx_word' id='word_1_129' title='bbox 1274 1832 1421 1910; x_wconf 82' lang='lat' dir='ltr'>magicam</span> 
     </span>
     <span class='ocr_line' id='line_1_16' title="bbox 273 1930 1505 2013; baseline -0.001 -18"><span class='ocrx_word' id='word_1_130' title='bbox 273 1930 322 1995; x_wconf 88' lang='lat' dir='ltr'>‘ad</span> <span class='ocrx_word' id='word_1_131' title='bbox 345 1933 508 1996; x_wconf 86' lang='lat' dir='ltr'>curandam</span> <span class='ocrx_word' id='word_1_132' title='bbox 535 1934 651 1997; x_wconf 87' lang='lat' dir='ltr'>febrem</span> <span class='ocrx_word' id='word_1_133' title='bbox 673 1936 864 2012; x_wconf 85' lang='lat' dir='ltr'>cotidianam,</span> <span class='ocrx_word' id='word_1_134' title='bbox 898 1937 1059 1998; x_wconf 88' lang='lat' dir='ltr'>tertianam</span> <span class='ocrx_word' id='word_1_135' title='bbox 1081 1936 1131 1997; x_wconf 91' lang='lat' dir='ltr'>uel</span> <span class='ocrx_word' id='word_1_136' title='bbox 1153 1937 1351 2013; x_wconf 87' lang='lat' dir='ltr'>quartanam&#39;,</span> <span class='ocrx_word' id='word_1_137' title='bbox 1385 1954 1421 1994; x_wconf 92' lang='lat' dir='ltr'>ac</span> <span class='ocrx_word' id='word_1_138' title='bbox 1502 2000 1505 2006; x_wconf 48' lang='grc'>,</span> 
     </span>
     <span class='ocr_line' id='line_1_17' title="bbox 273 2037 1422 2119; baseline 0.001 -22"><span class='ocrx_word' id='word_1_139' title='bbox 273 2038 383 2098; x_wconf 92' lang='lat' dir='ltr'>deinde</span> <span class='ocrx_word' id='word_1_140' title='bbox 416 2058 536 2099; x_wconf 89' lang='lat' dir='ltr'>carmen</span> <span class='ocrx_word' id='word_1_141' title='bbox 569 2037 691 2116; x_wconf 91' lang='lat' dir='ltr'>longum</span> <span class='ocrx_word' id='word_1_142' title='bbox 725 2039 763 2100; x_wconf 91' lang='lat' dir='ltr'>da</span> <span class='ocrx_word' id='word_1_143' title='bbox 797 2039 984 2116; x_wconf 88' lang='lat' dir='ltr'>quorundam</span> <span class='ocrx_word' id='word_1_144' title='bbox 1016 2040 1150 2119; x_wconf 91' lang='lat' dir='ltr'>lapidum</span> <span class='ocrx_word' id='word_1_145' title='bbox 1183 2047 1305 2114; x_wconf 86' lang='lat' dir='ltr'>natura;</span> <span class='ocrx_word' id='word_1_146' title='bbox 1346 2039 1422 2100; x_wconf 90' lang='lat' dir='ltr'>haee</span> 
     </span>
     <span class='ocr_line' id='line_1_18' title="bbox 273 2140 1099 2222; baseline 0.001 -21"><span class='ocrx_word' id='word_1_147' title='bbox 273 2141 372 2202; x_wconf 90' lang='lat' dir='ltr'>onmia</span> <span class='ocrx_word' id='word_1_148' title='bbox 393 2161 484 2202; x_wconf 91' lang='lat' dir='ltr'>manu</span> <span class='ocrx_word' id='word_1_149' title='bbox 505 2140 716 2202; x_wconf 88' lang='lat' dir='ltr'>recentissima</span> <span class='ocrx_word' id='word_1_150' title='bbox 736 2143 852 2222; x_wconf 86' lang='lat' dir='ltr'>scripta</span> <span class='ocrx_word' id='word_1_151' title='bbox 873 2149 953 2202; x_wconf 89' lang='lat' dir='ltr'>sunt.</span> <span class='ocrx_word' id='word_1_152' title='bbox 1096 2205 1099 2210; x_wconf 21' lang='lat'><strong>⁴</strong></span> 
     </span>
    </p>

    <p class='ocr_par' dir='ltr' id='par_1_3' title="bbox 274 2243 1425 4804">
     <span class='ocr_line' id='line_1_19' title="bbox 359 2243 1421 2325; baseline -0.001 -22"><span class='ocrx_word' id='word_1_153' title='bbox 359 2245 436 2324; x_wconf 80' lang='lat' dir='ltr'>Ego,</span> <span class='ocrx_word' id='word_1_154' title='bbox 477 2244 557 2321; x_wconf 89' lang='lat' dir='ltr'>quod</span> <span class='ocrx_word' id='word_1_155' title='bbox 591 2264 665 2305; x_wconf 83' lang='lat' dir='ltr'>usus</span> <span class='ocrx_word' id='word_1_156' title='bbox 698 2245 757 2306; x_wconf 91' lang='lat' dir='ltr'>mai</span> <span class='ocrx_word' id='word_1_157' title='bbox 788 2246 865 2306; x_wconf 89' lang='lat' dir='ltr'>ratio</span> <span class='ocrx_word' id='word_1_158' title='bbox 898 2245 1083 2325; x_wconf 91' lang='lat' dir='ltr'>postulabat,</span> <span class='ocrx_word' id='word_1_159' title='bbox 1117 2265 1183 2306; x_wconf 85' lang='lat' dir='ltr'>eam</span> <span class='ocrx_word' id='word_1_160' title='bbox 1215 2243 1421 2304; x_wconf 87' lang='lat' dir='ltr'>tantummodo</span> 
     </span>
     <span class='ocr_line' id='line_1_20' title="bbox 274 2347 1421 2428; baseline -0.001 -21"><span class='ocrx_word' id='word_1_161' title='bbox 274 2347 387 2408; x_wconf 87' lang='lat' dir='ltr'>codicis</span> <span class='ocrx_word' id='word_1_162' title='bbox 410 2347 603 2408; x_wconf 85' lang='lat' dir='ltr'>Ambrosiam</span> <span class='ocrx_word' id='word_1_163' title='bbox 624 2355 751 2427; x_wconf 88' lang='lat' dir='ltr'>partem,</span> <span class='ocrx_word' id='word_1_164' title='bbox 786 2370 864 2426; x_wconf 89' lang='lat' dir='ltr'>quae</span> <span class='ocrx_word' id='word_1_165' title='bbox 886 2348 1023 2428; x_wconf 85' lang='lat' dir='ltr'>dialogos</span> <span class='ocrx_word' id='word_1_166' title='bbox 1046 2349 1180 2409; x_wconf 87' lang='lat' dir='ltr'>Senecae</span> <span class='ocrx_word' id='word_1_167' title='bbox 1202 2347 1421 2426; x_wconf 81' lang='lat' dir='ltr'>complectitur,</span> 
     </span>
     <span class='ocr_line' id='line_1_21' title="bbox 275 2449 1422 2532; baseline 0 -22"><span class='ocrx_word' id='word_1_168' title='bbox 275 2449 378 2511; x_wconf 88' lang='lat' dir='ltr'>dedita</span> <span class='ocrx_word' id='word_1_169' title='bbox 415 2471 508 2530; x_wconf 88' lang='lat' dir='ltr'>opera</span> <span class='ocrx_word' id='word_1_170' title='bbox 544 2450 728 2530; x_wconf 88' lang='lat' dir='ltr'>perlustraui</span> <span class='ocrx_word' id='word_1_171' title='bbox 766 2454 994 2532; x_wconf 90' lang='lat' dir='ltr'>scripturasque</span> <span class='ocrx_word' id='word_1_172' title='bbox 1031 2453 1070 2512; x_wconf 89' lang='lat' dir='ltr'>ah</span> <span class='ocrx_word' id='word_1_173' title='bbox 1104 2451 1235 2512; x_wconf 89' lang='lat' dir='ltr'>editione</span> <span class='ocrx_word' id='word_1_174' title='bbox 1267 2451 1422 2511; x_wconf 89' lang='lat' dir='ltr'>Haasiana</span> 
     </span>
     <span class='ocr_line' id='line_1_22' title="bbox 275 2553 1423 2634; baseline -0.002 -21"><span class='ocrx_word' id='word_1_175' title='bbox 275 2554 482 2633; x_wconf 87' lang='lat' dir='ltr'>discrepantes</span> <span class='ocrx_word' id='word_1_176' title='bbox 504 2553 535 2613; x_wconf 93' lang='lat' dir='ltr'>in</span> <span class='ocrx_word' id='word_1_177' title='bbox 556 2553 604 2614; x_wconf 90' lang='lat' dir='ltr'>his</span> <span class='ocrx_word' id='word_1_178' title='bbox 626 2554 711 2616; x_wconf 90' lang='lat' dir='ltr'>libris</span> <span class='ocrx_word' id='word_1_179' title='bbox 734 2556 869 2631; x_wconf 87' lang='lat' dir='ltr'>enotaui;</span> <span class='ocrx_word' id='word_1_180' title='bbox 893 2557 924 2616; x_wconf 95' lang='lat' dir='ltr'>in</span> <span class='ocrx_word' id='word_1_181' title='bbox 946 2577 1005 2634; x_wconf 92' lang='lat' dir='ltr'>quo</span> <span class='ocrx_word' id='word_1_182' title='bbox 1027 2554 1084 2616; x_wconf 92' lang='lat' dir='ltr'>hoc</span> <span class='ocrx_word' id='word_1_183' title='bbox 1106 2556 1234 2616; x_wconf 84' lang='lat' dir='ltr'>maxima</span> <span class='ocrx_word' id='word_1_184' title='bbox 1257 2553 1423 2614; x_wconf 88' lang='lat' dir='ltr'>curandum</span> 
     </span>
     <span class='ocr_line' id='line_1_23' title="bbox 275 2639 1421 2737; baseline 0 -22"><span class='ocrx_word' id='word_1_185' title='bbox 275 2663 350 2732; x_wconf 89' lang='lat' dir='ltr'>erat,</span> <span class='ocrx_word' id='word_1_186' title='bbox 384 2663 418 2716; x_wconf 88' lang='lat' dir='ltr'>ut</span> <span class='ocrx_word' id='word_1_187' title='bbox 447 2655 636 2718; x_wconf 87' lang='lat' dir='ltr'>diuersarum</span> <span class='ocrx_word' id='word_1_188' title='bbox 664 2679 815 2736; x_wconf 89' lang='lat' dir='ltr'>manuum,</span> <span class='ocrx_word' id='word_1_189' title='bbox 849 2680 927 2737; x_wconf 88' lang='lat' dir='ltr'>quae</span> <span class='ocrx_word' id='word_1_190' title='bbox 954 2660 985 2719; x_wconf 91' lang='lat' dir='ltr'>in</span> <span class='ocrx_word' id='word_1_191' title='bbox 1014 2639 1117 2719; x_wconf 75' lang='lat' dir='ltr'>oodich</span> <span class='ocrx_word' id='word_1_192' title='bbox 1145 2658 1276 2736; x_wconf 86' lang='lat' dir='ltr'>uestigia</span> <span class='ocrx_word' id='word_1_193' title='bbox 1298 2676 1354 2717; x_wconf 88' lang='lat' dir='ltr'>sua</span> <span class='ocrx_word' id='word_1_194' title='bbox 1375 2676 1421 2716; x_wconf 90' lang='lat' dir='ltr'>re-</span> 
     </span>
     <span class='ocr_line' id='line_1_24' title="bbox 274 2759 1422 2841; baseline -0.001 -21"><span class='ocrx_word' id='word_1_195' title='bbox 274 2761 436 2837; x_wconf 75' lang='lat' dir='ltr'>liquerrmt,</span> <span class='ocrx_word' id='word_1_196' title='bbox 470 2759 639 2840; x_wconf 87' lang='lat' dir='ltr'>scripturae</span> <span class='ocrx_word' id='word_1_197' title='bbox 666 2762 828 2841; x_wconf 86' lang='lat' dir='ltr'>diligenter</span> <span class='ocrx_word' id='word_1_198' title='bbox 854 2762 933 2822; x_wconf 87' lang='lat' dir='ltr'>inter</span> <span class='ocrx_word' id='word_1_199' title='bbox 955 2782 988 2823; x_wconf 88' lang='lat' dir='ltr'>se</span> <span class='ocrx_word' id='word_1_200' title='bbox 1011 2761 1278 2840; x_wconf 85' lang='lat' dir='ltr'>distinguerentur.</span> <span class='ocrx_word' id='word_1_201' title='bbox 1334 2759 1422 2820; x_wconf 88' lang='lat' dir='ltr'>Hanc</span> 
     </span>
     <span class='ocr_line' id='line_1_25' title="bbox 276 2863 1422 2943; baseline 0 -21"><span class='ocrx_word' id='word_1_202' title='bbox 276 2863 322 2922; x_wconf 88' lang='lat' dir='ltr'>sui</span> <span class='ocrx_word' id='word_1_203' title='bbox 350 2863 483 2924; x_wconf 88' lang='lat' dir='ltr'>muneris</span> <span class='ocrx_word' id='word_1_204' title='bbox 511 2871 628 2943; x_wconf 88' lang='lat' dir='ltr'>partem</span> <span class='ocrx_word' id='word_1_205' title='bbox 657 2884 730 2926; x_wconf 90' lang='lat' dir='ltr'>sane</span> <span class='ocrx_word' id='word_1_206' title='bbox 759 2864 967 2926; x_wconf 83' lang='lat' dir='ltr'>difficillimam</span> <span class='ocrx_word' id='word_1_207' title='bbox 995 2866 1067 2927; x_wconf 88' lang='lat' dir='ltr'>Itali</span> <span class='ocrx_word' id='word_1_208' title='bbox 1088 2865 1224 2926; x_wconf 81' lang='lat' dir='ltr'>Fickerti</span> <span class='ocrx_word' id='word_1_209' title='bbox 1252 2864 1422 2925; x_wconf 87' lang='lat' dir='ltr'>conlatores</span> 
     </span>
     <span class='ocr_line' id='line_1_26' title="bbox 275 2965 1422 3046; baseline 0 -21"><span class='ocrx_word' id='word_1_210' title='bbox 275 2987 335 3026; x_wconf 92' lang='lat' dir='ltr'>non</span> <span class='ocrx_word' id='word_1_211' title='bbox 363 2967 441 3028; x_wconf 89' lang='lat' dir='ltr'>bene</span> <span class='ocrx_word' id='word_1_212' title='bbox 469 2974 640 3046; x_wconf 80' lang='lat' dir='ltr'>gessenmt,</span> <span class='ocrx_word' id='word_1_213' title='bbox 674 2968 700 3028; x_wconf 92' lang='lat' dir='ltr'>si</span> <span class='ocrx_word' id='word_1_214' title='bbox 728 2968 849 3046; x_wconf 88' lang='lat' dir='ltr'>quidem</span> <span class='ocrx_word' id='word_1_215' title='bbox 871 2969 1034 3030; x_wconf 76' lang='lat' dir='ltr'>Fickertus</span> <span class='ocrx_word' id='word_1_216' title='bbox 1062 2989 1108 3045; x_wconf 90' lang='lat' dir='ltr'>aa,</span> <span class='ocrx_word' id='word_1_217' title='bbox 1142 2988 1220 3046; x_wconf 86' lang='lat' dir='ltr'>qnae</span> <span class='ocrx_word' id='word_1_218' title='bbox 1247 2967 1291 3026; x_wconf 88' lang='lat' dir='ltr'>illi</span> <span class='ocrx_word' id='word_1_219' title='bbox 1313 2967 1344 3026; x_wconf 93' lang='lat' dir='ltr'>in</span> <span class='ocrx_word' id='word_1_220' title='bbox 1365 2965 1422 3026; x_wconf 93' lang='lat' dir='ltr'>hoc</span> 
     </span>
     <span class='ocr_line' id='line_1_27' title="bbox 274 3070 1423 3149; baseline -0.002 -18"><span class='ocrx_word' id='word_1_221' title='bbox 274 3091 385 3149; x_wconf 89' lang='lat' dir='ltr'>genere</span> <span class='ocrx_word' id='word_1_222' title='bbox 412 3077 585 3148; x_wconf 87' lang='lat' dir='ltr'>enotarant,</span> <span class='ocrx_word' id='word_1_223' title='bbox 618 3070 749 3132; x_wconf 90' lang='lat' dir='ltr'>fideliter</span> <span class='ocrx_word' id='word_1_224' title='bbox 775 3073 806 3132; x_wconf 95' lang='lat' dir='ltr'>in</span> <span class='ocrx_word' id='word_1_225' title='bbox 834 3073 1081 3134; x_wconf 88' lang='lat' dir='ltr'>commentarium</span> <span class='ocrx_word' id='word_1_226' title='bbox 1109 3091 1197 3132; x_wconf 90' lang='lat' dir='ltr'>suum</span> <span class='ocrx_word' id='word_1_227' title='bbox 1224 3071 1350 3146; x_wconf 87' lang='lat' dir='ltr'>rettulit,</span> <span class='ocrx_word' id='word_1_228' title='bbox 1385 3070 1423 3130; x_wconf 92' lang='lat' dir='ltr'>de</span> 
     </span>
     <span class='ocr_line' id='line_1_28' title="bbox 275 3175 1423 3254; baseline -0.001 -19"><span class='ocrx_word' id='word_1_229' title='bbox 275 3196 334 3252; x_wconf 90' lang='lat' dir='ltr'>quo</span> <span class='ocrx_word' id='word_1_230' title='bbox 356 3181 457 3236; x_wconf 88' lang='lat' dir='ltr'>tamen</span> <span class='ocrx_word' id='word_1_231' title='bbox 478 3175 631 3234; x_wconf 86' lang='lat' dir='ltr'>interdum</span> <span class='ocrx_word' id='word_1_232' title='bbox 653 3175 785 3236; x_wconf 89' lang='lat' dir='ltr'>dubitari</span> <span class='ocrx_word' id='word_1_233' title='bbox 807 3183 922 3254; x_wconf 89' lang='lat' dir='ltr'>potest;</span> <span class='ocrx_word' id='word_1_234' title='bbox 959 3176 1128 3252; x_wconf 88' lang='lat' dir='ltr'>uideantur,</span> <span class='ocrx_word' id='word_1_235' title='bbox 1151 3195 1229 3252; x_wconf 89' lang='lat' dir='ltr'>quae</span> <span class='ocrx_word' id='word_1_236' title='bbox 1251 3175 1289 3234; x_wconf 95' lang='lat' dir='ltr'>de</span> <span class='ocrx_word' id='word_1_237' title='bbox 1310 3175 1368 3234; x_wconf 90' lang='lat' dir='ltr'>hac</span> <span class='ocrx_word' id='word_1_238' title='bbox 1389 3193 1423 3234; x_wconf 91' lang='lat' dir='ltr'>re</span> 
     </span>
     <span class='ocr_line' id='line_1_29' title="bbox 275 3276 1425 3357; baseline 0 -21"><span class='ocrx_word' id='word_1_239' title='bbox 275 3277 362 3338; x_wconf 74' lang='lat' dir='ltr'>saud.</span> <span class='ocrx_word' id='word_1_240' title='bbox 376 3278 441 3338; x_wconf 91' lang='lat' dir='ltr'>crit.</span> <span class='ocrx_word' id='word_1_241' title='bbox 459 3299 489 3356; x_wconf 87' lang='lat' dir='ltr'>p.</span> <span class='ocrx_word' id='word_1_242' title='bbox 504 3279 542 3336; x_wconf 83' lang='lat'>12</span> <span class='ocrx_word' id='word_1_243' title='bbox 561 3296 628 3354; x_wconf 92' lang='lat' dir='ltr'>sqq.</span> <span class='ocrx_word' id='word_1_244' title='bbox 647 3276 811 3357; x_wconf 88' lang='lat' dir='ltr'>disputaui.</span> <span class='ocrx_word' id='word_1_245' title='bbox 855 3279 932 3340; x_wconf 88' lang='lat' dir='ltr'>Rem</span> <span class='ocrx_word' id='word_1_246' title='bbox 953 3279 1049 3338; x_wconf 89' lang='lat' dir='ltr'>multo</span> <span class='ocrx_word' id='word_1_247' title='bbox 1071 3278 1179 3340; x_wconf 86' lang='lat' dir='ltr'>melius</span> <span class='ocrx_word' id='word_1_248' title='bbox 1202 3277 1425 3338; x_wconf 86' lang='lat' dir='ltr'>administrauit</span> 
     </span>
     <span class='ocr_line' id='line_1_30' title="bbox 274 3379 1423 3460; baseline 0 -20"><span class='ocrx_word' id='word_1_249' title='bbox 274 3380 422 3458; x_wconf 88' lang='lat' dir='ltr'>Kochius,</span> <span class='ocrx_word' id='word_1_250' title='bbox 451 3381 503 3457; x_wconf 92' lang='lat' dir='ltr'>qui</span> <span class='ocrx_word' id='word_1_251' title='bbox 524 3380 555 3439; x_wconf 92' lang='lat' dir='ltr'>in</span> <span class='ocrx_word' id='word_1_252' title='bbox 577 3379 766 3460; x_wconf 90' lang='lat' dir='ltr'>praefatione</span> <span class='ocrx_word' id='word_1_253' title='bbox 789 3381 929 3442; x_wconf 91' lang='lat' dir='ltr'>editionis</span> <span class='ocrx_word' id='word_1_254' title='bbox 953 3401 1026 3442; x_wconf 89' lang='lat' dir='ltr'>suae</span> <span class='ocrx_word' id='word_1_255' title='bbox 1048 3380 1088 3442; x_wconf 92' lang='lat' dir='ltr'>de</span> <span class='ocrx_word' id='word_1_256' title='bbox 1110 3382 1148 3442; x_wconf 88' lang='lat' dir='ltr'>iis</span> <span class='ocrx_word' id='word_1_257' title='bbox 1171 3387 1253 3442; x_wconf 89' lang='lat' dir='ltr'>certe</span> <span class='ocrx_word' id='word_1_258' title='bbox 1275 3381 1423 3456; x_wconf 87' lang='lat' dir='ltr'>manibus,</span> 
     </span>
     <span class='ocr_line' id='line_1_31' title="bbox 276 3483 1423 3562; baseline -0.001 -19"><span class='ocrx_word' id='word_1_259' title='bbox 276 3504 401 3560; x_wconf 90' lang='lat' dir='ltr'>quarum</span> <span class='ocrx_word' id='word_1_260' title='bbox 424 3503 516 3562; x_wconf 88' lang='lat' dir='ltr'>opera</span> <span class='ocrx_word' id='word_1_261' title='bbox 537 3483 665 3544; x_wconf 82' lang='lat' dir='ltr'>maxima</span> <span class='ocrx_word' id='word_1_262' title='bbox 688 3483 955 3546; x_wconf 86' lang='lat' dir='ltr'>animaduertenda</span> <span class='ocrx_word' id='word_1_263' title='bbox 977 3490 1051 3561; x_wconf 87' lang='lat' dir='ltr'>erat,</span> <span class='ocrx_word' id='word_1_264' title='bbox 1079 3485 1159 3544; x_wconf 88' lang='lat' dir='ltr'>inter</span> <span class='ocrx_word' id='word_1_265' title='bbox 1180 3504 1214 3546; x_wconf 87' lang='lat' dir='ltr'>se</span> <span class='ocrx_word' id='word_1_266' title='bbox 1236 3484 1423 3561; x_wconf 90' lang='lat' dir='ltr'>distinguen-</span> 
     </span>
     <span class='ocr_line' id='line_1_32' title="bbox 276 3586 1424 3666; baseline 0.001 -21"><span class='ocrx_word' id='word_1_267' title='bbox 276 3586 324 3646; x_wconf 90' lang='lat' dir='ltr'>dis</span> <span class='ocrx_word' id='word_1_268' title='bbox 353 3594 384 3647; x_wconf 91' lang='lat' dir='ltr'>et</span> <span class='ocrx_word' id='word_1_269' title='bbox 413 3586 452 3647; x_wconf 89' lang='lat' dir='ltr'>de</span> <span class='ocrx_word' id='word_1_270' title='bbox 482 3607 532 3662; x_wconf 93' lang='lat' dir='ltr'>eo,</span> <span class='ocrx_word' id='word_1_271' title='bbox 567 3586 639 3664; x_wconf 85' lang='lat' dir='ltr'>quid</span> <span class='ocrx_word' id='word_1_272' title='bbox 669 3607 868 3665; x_wconf 86' lang='lat' dir='ltr'>unaquaeque</span> <span class='ocrx_word' id='word_1_273' title='bbox 898 3609 1002 3648; x_wconf 83' lang='lat' dir='ltr'>earum</span> <span class='ocrx_word' id='word_1_274' title='bbox 1031 3587 1156 3666; x_wconf 84' lang='lat' dir='ltr'>egisset,</span> <span class='ocrx_word' id='word_1_275' title='bbox 1189 3588 1221 3648; x_wconf 94' lang='lat' dir='ltr'>in</span> <span class='ocrx_word' id='word_1_276' title='bbox 1250 3587 1424 3648; x_wconf 87' lang='lat' dir='ltr'>uniuersum</span> 
     </span>
     <span class='ocr_line' id='line_1_33' title="bbox 275 3690 1423 3772; baseline 0 -24"><span class='ocrx_word' id='word_1_277' title='bbox 275 3695 359 3750; x_wconf 91' lang='lat' dir='ltr'>recte</span> <span class='ocrx_word' id='word_1_278' title='bbox 391 3690 547 3768; x_wconf 86' lang='lat' dir='ltr'>exposuit;</span> <span class='ocrx_word' id='word_1_279' title='bbox 581 3690 635 3752; x_wconf 92' lang='lat' dir='ltr'>sed</span> <span class='ocrx_word' id='word_1_280' title='bbox 668 3692 719 3752; x_wconf 89' lang='lat' dir='ltr'>uel</span> <span class='ocrx_word' id='word_1_281' title='bbox 750 3691 800 3751; x_wconf 92' lang='lat' dir='ltr'>hic</span> <span class='ocrx_word' id='word_1_282' title='bbox 827 3692 859 3751; x_wconf 92' lang='lat' dir='ltr'>in</span> <span class='ocrx_word' id='word_1_283' title='bbox 888 3691 1034 3772; x_wconf 82' lang='lat' dir='ltr'>exemplis</span> <span class='ocrx_word' id='word_1_284' title='bbox 1064 3690 1238 3754; x_wconf 78' lang='lat' dir='ltr'>adferendis</span> <span class='ocrx_word' id='word_1_285' title='bbox 1266 3710 1327 3750; x_wconf 89' lang='lat' dir='ltr'>non</span> <span class='ocrx_word' id='word_1_286' title='bbox 1355 3709 1423 3750; x_wconf 89' lang='lat' dir='ltr'>raro</span> 
     </span>
     <span class='ocr_line' id='line_1_34' title="bbox 276 3793 1423 3871; baseline -0.002 -17"><span class='ocrx_word' id='word_1_287' title='bbox 276 3793 390 3854; x_wconf 89' lang='lat' dir='ltr'>errauit</span> <span class='ocrx_word' id='word_1_288' title='bbox 417 3813 522 3870; x_wconf 87' lang='lat' dir='ltr'>eaque,</span> <span class='ocrx_word' id='word_1_289' title='bbox 556 3813 633 3871; x_wconf 91' lang='lat' dir='ltr'>quae</span> <span class='ocrx_word' id='word_1_290' title='bbox 661 3793 792 3856; x_wconf 89' lang='lat' dir='ltr'>diuersis</span> <span class='ocrx_word' id='word_1_291' title='bbox 819 3795 958 3856; x_wconf 87' lang='lat' dir='ltr'>manibus</span> <span class='ocrx_word' id='word_1_292' title='bbox 986 3793 1146 3870; x_wconf 84' lang='lat' dir='ltr'>debentur,</span> <span class='ocrx_word' id='word_1_293' title='bbox 1180 3793 1219 3855; x_wconf 89' lang='lat' dir='ltr'>ad</span> <span class='ocrx_word' id='word_1_294' title='bbox 1246 3815 1337 3855; x_wconf 90' lang='lat' dir='ltr'>unam</span> <span class='ocrx_word' id='word_1_295' title='bbox 1363 3799 1423 3854; x_wconf 89' lang='lat' dir='ltr'>ret-</span> 
     </span>
     <span class='ocr_line' id='line_1_35' title="bbox 276 3895 1424 3977; baseline 0 -21"><span class='ocrx_word' id='word_1_296' title='bbox 276 3896 357 3972; x_wconf 88' lang='lat' dir='ltr'>tulit,</span> <span class='ocrx_word' id='word_1_297' title='bbox 390 3903 422 3956; x_wconf 85' lang='lat' dir='ltr'>et</span> <span class='ocrx_word' id='word_1_298' title='bbox 450 3895 482 3956; x_wconf 89' lang='lat' dir='ltr'>in</span> <span class='ocrx_word' id='word_1_299' title='bbox 504 3898 718 3958; x_wconf 88' lang='lat' dir='ltr'>commentario</span> <span class='ocrx_word' id='word_1_300' title='bbox 741 3898 845 3960; x_wconf 87' lang='lat' dir='ltr'>critico</span> <span class='ocrx_word' id='word_1_301' title='bbox 867 3899 963 3958; x_wconf 89' lang='lat' dir='ltr'>multo</span> <span class='ocrx_word' id='word_1_302' title='bbox 985 3899 1072 3977; x_wconf 89' lang='lat' dir='ltr'>plura</span> <span class='ocrx_word' id='word_1_303' title='bbox 1094 3896 1133 3958; x_wconf 95' lang='lat' dir='ltr'>de</span> <span class='ocrx_word' id='word_1_304' title='bbox 1155 3898 1260 3959; x_wconf 87' lang='lat' dir='ltr'>harum</span> <span class='ocrx_word' id='word_1_305' title='bbox 1282 3917 1424 3958; x_wconf 89' lang='lat' dir='ltr'>manuum</span> 
     </span>
     <span class='ocr_line' id='line_1_36' title="bbox 276 3999 1422 4082; baseline -0.002 -22"><span class='ocrx_word' id='word_1_306' title='bbox 276 4000 308 4060; x_wconf 90' lang='lat' dir='ltr'>in</span> <span class='ocrx_word' id='word_1_307' title='bbox 330 3999 489 4078; x_wconf 86' lang='lat' dir='ltr'>scripturis</span> <span class='ocrx_word' id='word_1_308' title='bbox 511 4001 731 4064; x_wconf 84' lang='lat' dir='ltr'>constituendis</span> <span class='ocrx_word' id='word_1_309' title='bbox 754 4022 846 4082; x_wconf 89' lang='lat' dir='ltr'>opera</span> <span class='ocrx_word' id='word_1_310' title='bbox 868 4001 928 4062; x_wconf 91' lang='lat' dir='ltr'>dici</span> <span class='ocrx_word' id='word_1_311' title='bbox 950 4009 982 4062; x_wconf 93' lang='lat' dir='ltr'>et</span> <span class='ocrx_word' id='word_1_312' title='bbox 1002 4009 1166 4081; x_wconf 76' lang='lat' dir='ltr'>potuerimt</span> <span class='ocrx_word' id='word_1_313' title='bbox 1183 4008 1219 4062; x_wconf 89' lang='lat' dir='ltr'>et</span> <span class='ocrx_word' id='word_1_314' title='bbox 1240 4001 1422 4072; x_wconf 81' lang='lat' dir='ltr'>debuerunt3</span> 
     </span>
     <span class='ocr_line' id='line_1_37' title="bbox 277 4104 1423 4183; baseline -0.001 -21"><span class='ocrx_word' id='word_1_315' title='bbox 277 4122 334 4163; x_wconf 90' lang='lat' dir='ltr'>nee</span> <span class='ocrx_word' id='word_1_316' title='bbox 362 4123 461 4182; x_wconf 89' lang='lat' dir='ltr'>pauca</span> <span class='ocrx_word' id='word_1_317' title='bbox 483 4125 520 4165; x_wconf 83' lang='lat' dir='ltr'>ex</span> <span class='ocrx_word' id='word_1_318' title='bbox 541 4104 589 4180; x_wconf 91' lang='lat' dir='ltr'>iis,</span> <span class='ocrx_word' id='word_1_319' title='bbox 624 4125 701 4182; x_wconf 90' lang='lat' dir='ltr'>quaa</span> <span class='ocrx_word' id='word_1_320' title='bbox 723 4105 809 4181; x_wconf 86' lang='lat' dir='ltr'>dixit,</span> <span class='ocrx_word' id='word_1_321' title='bbox 843 4105 1029 4166; x_wconf 89' lang='lat' dir='ltr'>correctione</span> <span class='ocrx_word' id='word_1_322' title='bbox 1051 4113 1150 4183; x_wconf 88' lang='lat' dir='ltr'>agent.</span> <span class='ocrx_word' id='word_1_323' title='bbox 1205 4105 1272 4183; x_wconf 81' lang='lat' dir='ltr'>Ego</span> <span class='ocrx_word' id='word_1_324' title='bbox 1295 4122 1423 4181; x_wconf 91' lang='lat' dir='ltr'>quoque,</span> 
     </span>
     <span class='ocr_line' id='line_1_38' title="bbox 278 4206 1424 4287; baseline 0 -22"><span class='ocrx_word' id='word_1_325' title='bbox 278 4225 356 4283; x_wconf 88' lang='lat' dir='ltr'>quae</span> <span class='ocrx_word' id='word_1_326' title='bbox 378 4215 425 4266; x_wconf 89' lang='lat' dir='ltr'>est</span> <span class='ocrx_word' id='word_1_327' title='bbox 446 4207 536 4268; x_wconf 85' lang='lat' dir='ltr'>huius</span> <span class='ocrx_word' id='word_1_328' title='bbox 557 4208 602 4268; x_wconf 91' lang='lat' dir='ltr'>rei</span> <span class='ocrx_word' id='word_1_329' title='bbox 624 4207 799 4285; x_wconf 87' lang='lat' dir='ltr'>difficultas,</span> <span class='ocrx_word' id='word_1_330' title='bbox 829 4209 860 4268; x_wconf 94' lang='lat' dir='ltr'>in</span> <span class='ocrx_word' id='word_1_331' title='bbox 882 4208 1021 4270; x_wconf 84' lang='lat' dir='ltr'>manibus</span> <span class='ocrx_word' id='word_1_332' title='bbox 1043 4207 1265 4287; x_wconf 85' lang='lat' dir='ltr'>distinguendis</span> <span class='ocrx_word' id='word_1_333' title='bbox 1287 4206 1424 4286; x_wconf 86' lang='lat' dir='ltr'>pluribus</span> 
     </span>
     <span class='ocr_line' id='line_1_39' title="bbox 277 4309 1423 4392; baseline 0.003 -23"><span class='ocrx_word' id='word_1_334' title='bbox 277 4309 352 4370; x_wconf 91' lang='lat' dir='ltr'>locis</span> <span class='ocrx_word' id='word_1_335' title='bbox 380 4329 428 4371; x_wconf 89' lang='lat' dir='ltr'>ma</span> <span class='ocrx_word' id='word_1_336' title='bbox 455 4309 625 4374; x_wconf 85' lang='lat' dir='ltr'>haesitasse</span> <span class='ocrx_word' id='word_1_337' title='bbox 653 4311 760 4389; x_wconf 86' lang='lat' dir='ltr'>fateor,</span> <span class='ocrx_word' id='word_1_338' title='bbox 795 4319 826 4374; x_wconf 88' lang='lat' dir='ltr'>et</span> <span class='ocrx_word' id='word_1_339' title='bbox 851 4311 917 4372; x_wconf 91' lang='lat' dir='ltr'>fieri</span> <span class='ocrx_word' id='word_1_340' title='bbox 945 4332 1046 4392; x_wconf 91' lang='lat' dir='ltr'>posse,</span> <span class='ocrx_word' id='word_1_341' title='bbox 1079 4319 1114 4372; x_wconf 93' lang='lat' dir='ltr'>ut</span> <span class='ocrx_word' id='word_1_342' title='bbox 1134 4312 1184 4372; x_wconf 95' lang='lat' dir='ltr'>hic</span> <span class='ocrx_word' id='word_1_343' title='bbox 1205 4311 1267 4372; x_wconf 89' lang='lat' dir='ltr'>illie</span> <span class='ocrx_word' id='word_1_344' title='bbox 1290 4309 1423 4384; x_wconf 87' lang='lat' dir='ltr'>errarim,</span> 
     </span>
     <span class='ocr_line' id='line_1_40' title="bbox 277 4413 1424 4492; baseline -0.001 -18"><span class='ocrx_word' id='word_1_345' title='bbox 277 4413 369 4476; x_wconf 78' lang='lat' dir='ltr'>facile</span> <span class='ocrx_word' id='word_1_346' title='bbox 391 4414 539 4490; x_wconf 90' lang='lat' dir='ltr'>concedo;</span> <span class='ocrx_word' id='word_1_347' title='bbox 573 4415 666 4476; x_wconf 89' lang='lat' dir='ltr'>nihilo</span> <span class='ocrx_word' id='word_1_348' title='bbox 694 4415 793 4477; x_wconf 89' lang='lat' dir='ltr'>minus</span> <span class='ocrx_word' id='word_1_349' title='bbox 816 4436 853 4478; x_wconf 87' lang='lat' dir='ltr'>ex</span> <span class='ocrx_word' id='word_1_350' title='bbox 875 4436 941 4478; x_wconf 91' lang='lat' dir='ltr'>meo</span> <span class='ocrx_word' id='word_1_351' title='bbox 964 4416 1178 4483; x_wconf 84' lang='lat' dir='ltr'>commentario</span> <span class='ocrx_word' id='word_1_352' title='bbox 1200 4415 1290 4492; x_wconf 88' lang='lat' dir='ltr'>longe</span> <span class='ocrx_word' id='word_1_353' title='bbox 1311 4413 1424 4492; x_wconf 90' lang='lat' dir='ltr'>plenio-</span> 
     </span>
     <span class='ocr_line' id='line_1_41' title="bbox 279 4516 1424 4597; baseline -0.002 -19"><span class='ocrx_word' id='word_1_354' title='bbox 279 4538 342 4580; x_wconf 90' lang='lat' dir='ltr'>rem</span> <span class='ocrx_word' id='word_1_355' title='bbox 365 4525 396 4578; x_wconf 88' lang='lat' dir='ltr'>et</span> <span class='ocrx_word' id='word_1_356' title='bbox 417 4519 599 4580; x_wconf 85' lang='lat' dir='ltr'>exactiorem</span> <span class='ocrx_word' id='word_1_357' title='bbox 621 4518 736 4580; x_wconf 86' lang='lat' dir='ltr'>codicis</span> <span class='ocrx_word' id='word_1_358' title='bbox 755 4519 903 4592; x_wconf 88' lang='lat' dir='ltr'>notitiam,</span> <span class='ocrx_word' id='word_1_359' title='bbox 926 4517 1007 4595; x_wconf 87' lang='lat' dir='ltr'>quod</span> <span class='ocrx_word' id='word_1_360' title='bbox 1029 4516 1068 4578; x_wconf 89' lang='lat' dir='ltr'>ad</span> <span class='ocrx_word' id='word_1_361' title='bbox 1090 4517 1169 4578; x_wconf 89' lang='lat' dir='ltr'>hanc</span> <span class='ocrx_word' id='word_1_362' title='bbox 1184 4537 1248 4579; x_wconf 91' lang='lat' dir='ltr'>rem</span> <span class='ocrx_word' id='word_1_363' title='bbox 1265 4517 1424 4597; x_wconf 87' lang='lat' dir='ltr'>pertineat,</span> 
     </span>
     <span class='ocr_line' id='line_1_42' title="bbox 279 4619 1425 4701; baseline -0.003 -19"><span class='ocrx_word' id='word_1_364' title='bbox 279 4621 409 4682; x_wconf 90' lang='lat' dir='ltr'>lectores</span> <span class='ocrx_word' id='word_1_365' title='bbox 437 4640 505 4682; x_wconf 90' lang='lat' dir='ltr'>esee</span> <span class='ocrx_word' id='word_1_366' title='bbox 533 4629 710 4700; x_wconf 87' lang='lat' dir='ltr'>accepturos</span> <span class='ocrx_word' id='word_1_367' title='bbox 739 4622 884 4683; x_wconf 85' lang='lat' dir='ltr'>audacter</span> <span class='ocrx_word' id='word_1_368' title='bbox 905 4620 1040 4701; x_wconf 86' lang='lat' dir='ltr'>profiteri</span> <span class='ocrx_word' id='word_1_369' title='bbox 1062 4639 1195 4700; x_wconf 88' lang='lat' dir='ltr'>possum.</span> <span class='ocrx_word' id='word_1_370' title='bbox 1250 4619 1425 4680; x_wconf 82' lang='lat' dir='ltr'>Proximum</span> 
     </span>
     <span class='ocr_line' id='line_1_43' title="bbox 279 4723 1062 4804; baseline -0.003 -18"><span class='ocrx_word' id='word_1_371' title='bbox 279 4725 372 4804; x_wconf 84' lang='lat' dir='ltr'>igitur</span> <span class='ocrx_word' id='word_1_372' title='bbox 394 4731 450 4802; x_wconf 90' lang='lat' dir='ltr'>est,</span> <span class='ocrx_word' id='word_1_373' title='bbox 473 4731 508 4784; x_wconf 88' lang='lat' dir='ltr'>ut</span> <span class='ocrx_word' id='word_1_374' title='bbox 529 4723 567 4785; x_wconf 93' lang='lat' dir='ltr'>de</span> <span class='ocrx_word' id='word_1_375' title='bbox 589 4723 719 4788; x_wconf 87' lang='lat' dir='ltr'>diuersis</span> <span class='ocrx_word' id='word_1_376' title='bbox 740 4725 880 4787; x_wconf 81' lang='lat' dir='ltr'>manibus</span> <span class='ocrx_word' id='word_1_377' title='bbox 902 4723 1062 4804; x_wconf 84' lang='lat' dir='ltr'>disputem.</span> 
     </span>
    </p>
   </div>
   <div class='ocr_carea' id='block_1_3' title="bbox 0 0 1656 5244">
    <p class='ocr_par' dir='ltr' id='par_1_4' title="bbox 0 0 1656 5244">
     <span class='ocr_line' id='line_1_44' title="bbox 0 0 1656 5244; baseline 0 0"><span class='ocrx_word' id='word_1_378' title='bbox 0 0 1656 5244; x_wconf 95' lang='lat' dir='ltr'> </span> 
     </span>
    </p>
   </div>
  </div>
 </body>
</html>
