3182 5252
221 483 225 490 .
337 421 379 462 an
402 421 545 463 sannuvn
566 420 1120 478 nurmuovrnnrraraamur,xv11.
1244 395 1309 462 303

146 583 355 652 relationem
382 593 462 672 post
490 583 610 651 horam
632 583 811 650 decumam
832 584 869 650 in
892 589 1012 649 senatu
1034 583 1110 650 fieri
1131 584 1306 652 uetabant.

146 693 254 760 Miles
281 692 416 779 uigiliae
445 692 575 778 diuidit,
610 699 646 758 et
671 714 739 759 nox
767 693 914 784 inmunis
943 697 996 758 est
1024 691 1066 758 ab
1090 691 1307 779 expeditione

145 801 379 868 redeuntium.
435 801 687 888 Indulgendum
710 808 762 868 est
785 801 897 868 animo
921 801 1138 887 dandumque
1161 801 1348 868 subindess

147 911 272 996 otium,
307 909 399 996 quod
430 909 582 976 alimenti
613 931 653 976 ac
674 909 798 975 uirium
819 909 896 976 loco
919 910 973 976 sit.
1027 909 1075 975 Et
1096 910 1132 974 in
1155 909 1307 975 ambula-

120 1013 306 1085 stionibus
330 1019 456 1105 apertis
478 1018 682 1104 ungendum,
705 1025 744 1084 ut
767 1017 863 1084 caelo
881 1017 990 1084 libero
1009 1025 1045 1083 et
1061 1017 1167 1084 multo
1186 1019 1308 1105 spiritu

146 1133 283 1214 augeat
310 1126 512 1211 attollatque
541 1148 578 1191 se
608 1127 755 1211 animus;
791 1125 973 1212 aliquando
1001 1126 1151 1191 uectatio
1173 1126 1306 1212 iterque

146 1245 184 1301 et
208 1242 343 1302 mutata
363 1235 459 1330 regio
482 1235 637 1322 uigorem
658 1235 791 1301 dabunt
813 1235 1066 1321 conuictusque.
1082 1240 1118 1300 et
1134 1233 1312 1300 liberalior

144 1345 257 1431 potio.
302 1345 380 1410 Non
401 1365 587 1429 numquam
616 1349 650 1410 et
671 1365 780 1430 usque
802 1343 848 1409 ad
871 1343 1068 1409 ebrietatem
1090 1337 1307 1440 ueiriendum,

145 1475 223 1518 non
250 1459 291 1538 nt
317 1458 545 1538 margatum,
580 1451 642 1518 sed
664 1459 703 1517 ut
725 1451 908 1538 deprimat;
944 1450 1027 1517 eluit
1049 1451 1139 1519 enirn
1169 1454 1308 1533 (uinum)

108 1587 132 1622 ιο
147 1583 252 1627 curas
284 1567 318 1626 et
347 1561 389 1626 ab
417 1561 486 1626 imo
515 1559 665 1626 animum
690 1567 809 1627 mouet
837 1565 872 1625 et
893 1566 933 1625 ut
953 1559 1082 1626 morbis
1105 1559 1309 1646 quibusdam

146 1669 202 1736 ita
224 1669 384 1736 tristitiae
406 1669 573 1752 medetur,
595 1669 799 1754 Liberque
820 1689 890 1733 non
914 1667 957 1733 ob
976 1667 1151 1734 licentiam
1168 1668 1307 1755 linguae

148 1778 266 1843 dictus
289 1777 343 1842 est
364 1778 524 1843 inuentor
544 1777 625 1859 uini,
656 1776 717 1842 sed
740 1777 820 1863 quia
840 1776 965 1841 liberat
988 1776 1127 1842 seruitio
1151 1798 1307 1842 curarum

149 1887 303 1952 animum
342 1891 377 1952 et
409 1885 537 1952 adserit
569 1891 774 1970 uegetatque
809 1891 845 1950 et
878 1884 1095 1950 audaciorem
1127 1885 1164 1950 in
1197 1884 1306 1950 omnis

149 2001 298 2062 conatus
320 1992 412 2060 facit.
459 1993 529 2060 sed
551 2000 589 2060 ut
610 1992 779 2060 libertatis
800 1992 850 2058 ita
866 1992 938 2058 uini
956 1993 1100 2059 salubris
1118 1992 1305 2060 moderatio
1324 2006 1347 2058 9

111 2131 136 2167 a
151 2107 225 2169 est.¹
262 2102 423 2169 Solonem
433 2101 680 2188 Arcesilanque
702 2101 884 2166 indulsisse
906 2102 986 2167 uino
1006 2101 1159 2185 credunt,
1183 2101 1305 2167 Catoni
1341 2112 1347 2122 ’

151 2212 302 2277 ebrietas
331 2211 467 2277 obiecta
496 2217 564 2277 est:
597 2209 730 2276 facilius
761 2208 897 2295 efficiet,
932 2211 1083 2295 quisquis
1113 2209 1240 2275 obiecit
1263 2211 1304 2292 ei,

151 2321 281 2385 crimen
307 2317 490 2385 honestum
513 2340 615 2404 quam
635 2325 770 2406 turpem
793 2319 967 2384 Catonem.
1016 2317 1093 2384 ·Sed
1115 2341 1179 2383 nec
1202 2339 1305 2404 saepe

150 2427 350 2494 faciendum
372 2435 434 2513 est,
463 2450 507 2494 ne
530 2427 661 2494 animus
684 2427 807 2494 molam
830 2426 1111 2493 consuetudinem
1135 2427 1248 2511 ducat,
1271 2433 1306 2492 et

151 2535 337 2621 aliquando
366 2541 482 2602 tamen
508 2535 545 2600 in
573 2535 816 2602 emltationem
842 2535 1103 2620 libertatemque
1127 2533 1305 2600 extrahen-

112 2671 137 2708 ιο
153 2645 218 2710 dus
245 2643 420 2729 tristisque
449 2642 616 2709 sobrietas
642 2644 851 2710 remouenda
878 2643 1061 2730 paulisper.
1116 2643 1203 2708 Nam
1232 2643 1303 2708 siue
1325 2657 1362 2708 10

152 2753 287 2818 Graeco
309 2758 434 2838 poetae
458 2751 641 2836 credimus,
676 2751 868 2836 ‘aliquando
894 2758 929 2816 et
949 2752 1098 2818 insanire
1119 2751 1306 2817 iucundum

132 2861 226 2944 ,est’‚
251 2860 324 2925 siue
343 2858 489 2944 Platoni,
513 2858 649 2925 ‘frustra
669 2860 823 2946 poeticas
845 2859 937 2925 fores
961 2881 1100 2946 compos
1124 2859 1176 2924 sui
1197 2880 1305 2945 pepu-

151 3205 170 3256 4
187 3202 320 3257 alimenti
338 3201 359 3260 Α
378 3200 463 3269 (tim.
482 3203 498 3255 1
516 3202 546 3255 in
563 3217 618 3256 raa
633 3201 720 3269 paulo
737 3201 853 3268 maiora·
878 3203 937 3257 sinc
954 3203 1037 3256 dubio
1055 3208 1138 3256 antea
1155 3200 1308 3268 animant

152 3287 307 3358 alimenta)
410 3304 445 3341 ac
463 3285 604 3341 dolandam
623 3303 681 3340 ecre
698 3287 801 3342 conieci
818 3286 900 3342 stad.
919 3287 979 3342 crit
997 3289 1014 3341 l.
1033 3288 1058 3353 1.,
1084 3288 1132 3341 sed
1147 3302 1203 3341 aon
1220 3293 1305 3353 recta*

151 3390 216 3426 nom
233 3371 313 3428 uires
329 3372 469 3427 intudem
487 3387 534 3426 cac
551 3372 630 3439 ipsae
647 3386 693 3426 ree
710 3380 851 3441 uocantur,
870 3373 1028 3442 quorcirca
1044 3371 1307 3438 alamocfirmont,

152 3461 203 3524 cfr.
225 3456 304 3512 Oura.
322 3458 384 3512 Arc.
405 3473 457 3512 um
476 3457 516 3525 11,
539 3458 605 3526 4393
634 3457 716 3512 Ym'u.
736 3457 837 3525 111,8,
856 3460 891 3512 31
910 3457 1034 3523 (Metam.
1053 3456 1119 3524 XV,
1138 3456 1210 3522 350).

151 3541 380 3599 Sadebritatem
398 3542 427 3612 l,
445 3558 514 3598 corr.
532 3559 576 3611 aq.
669 3543 686 3596 9
703 3542 804 3598 uinum
822 3543 928 3610 addidi,
946 3558 1012 3598 nam
1029 3541 1158 3598 ebrietas
1175 3557 1231 3597 non
1246 3546 1304 3598 iam

152 3631 265 3685 aebirctr'
282 3629 340 3684 loco
357 3629 479 3697 iamuepi
491 3635 590 3696 porcat.
683 3627 717 3682 13
732 3629 764 3684 in
780 3645 832 3698 my.
852 3629 897 3685 m:
915 3628 1055 3684 Asserero
1073 3631 1089 3683 d
1107 3627 1143 3684 de
1161 3628 1306 3684 seruitute

152 3715 182 3769 in
199 3714 281 3770 h'bta
300 3715 315 3769 l
334 3714 370 3770 do
387 3712 491 3768 libtate
510 3699 685 3769 inseruitu'te
702 3713 840 3770 uldicare.
999 3719 1176 3783 uegetatque
1195 3715 1305 3782 quidam

151 3797 173 3856 D
191 3807 218 3855 et
235 3799 399 3868 flacianum
425 3798 599 3869 uiget”atq;
618 3799 700 3868 l¹-⁹;
723 3799 961 3870 uegetioremque
978 3799 1117 3854 Erasmus
1136 3805 1161 3854 et
1177 3801 1229 3854 olii
1244 3800 1307 3854 edd.

256 3885 289 3938 14
306 3883 453 3952 libertatis
470 3901 529 3954 ayq
549 3885 671 3940 libertas
689 3884 711 3941 Α
816 3887 848 3940 15
865 3885 1041 3954 arcesilanq3
1060 3883 1107 3952 Δὶς
1125 3884 1306 3954 arcesilallq;

152 3986 222 4026 corr.
240 3985 313 4025 mom.
332 3985 430 4037 rocam,
458 3977 597 4039 tamquam
619 3989 647 4038 u,
674 3985 731 4025 non
747 3989 775 4038 n,
803 3973 933 4040 seraptem
951 3981 1035 4039 cosa,-
1062 3987 1128 4025 acm
1145 3972 1205 4025 sinc
1220 3971 1303 4026 docio

151 4057 240 4111 uoluit
261 4061 397 4111 corrector
420 4055 630 4125 arcesilauqne,
658 4057 728 4124 quod
744 4072 788 4125 ay.
808 4057 897 4112 editur
914 4064 940 4112 ct
957 4057 1032 4125 opud
1050 4055 1184 4110 Koclu'um
1202 4071 1304 4124 qaoque

150 4147 198 4196 eet
278 4141 311 4196 16
329 4139 447 4207 efficiet,
467 4141 598 4211 quisquis
617 4141 726 4196 obiecit
744 4142 779 4209 ei,
799 4141 909 4197 crimen
926 4139 1017 4208 Koct3
1035 4139 1114 4196 effici
1133 4141 1303 4206 &lenimen

152 4227 192 4293 lu
211 4228 260 4282 aad
277 4228 307 4280 ia
323 4243 375 4296 my.
389 4233 457 4294 post
475 4225 552 4281 effici
571 4227 597 4281 dc
615 4226 648 4282 Αῗ
666 4227 722 4281 mio
741 4228 823 4282 uerbo
842 4227 955 4281 adiecit:
974 4243 1041 4295 qsqs
1061 4225 1169 4282 obiecit
1187 4226 1212 4281 a

152 4312 184 4366 17
200 4319 265 4380 post
283 4311 425 4366 Catonem
442 4313 473 4366 in
490 4311 578 4366 aredio
595 4327 679 4366 uersa
696 4313 860 4380 dilatamur,
879 4317 905 4366 ct
922 4329 940 4365 a
958 4312 1050 4366 uerbis
1068 4311 1124 4366 Sed
1142 4329 1197 4366 nec
1215 4327 1304 4366 nouus

150 4464 251 4505 uersae
268 4450 372 4516 imma.
435 4449 467 4503 19
484 4447 583 4517 eliqua
598 4448 602 4514 Ι
617 4449 754 4504 dommen
773 4449 817 4518 l¹3
836 4423 989 4518 aliqudndo
1004 4447 1009 4514 Ι
1024 4447 1162 4530 dotamen
1180 4463 1248 4502 corr.
1271 4447 1305 4504 l²
1322 4513 1332 4536 ι

253 4549 421 4606 libertatem
439 4568 495 4622 que
513 4549 554 4618 ll¹‚
580 4551 629 4604 scd
645 4552 756 4620 uirqula
772 4559 869 4618 postea
886 4566 967 4605 maso
984 4557 1032 4605 est.
1138 4549 1170 4603 91
1190 4549 1304 4604 Graeco

150 4641 268 4708 poetam
294 4635 449 4705 significari
462 4643 567 4706 putant
584 4636 782 4691 Anacreontem
808 4637 922 4703 (Anacr.
939 4639 971 4704 8,·
997 4641 1112 4690 celemm
1130 4635 1180 4701 cfr.
1202 4635 1306 4690 Horat.

152 4723 241 4778 Garm.
261 4721 280 4775 1
285 4721 312 4788 V,
330 4723 374 4790 12,
393 4722 450 4788 28).
555 4719 590 4775 22
607 4720 725 4776 Platoni
742 4723 773 4776 in
791 4722 918 4777 Phaedro
934 4739 962 4790 p.
982 4723 1038 4777 245
1055 4721 1088 4776 A.
