3222 5246
513 382 553 422 na
575 382 627 422 nra
651 382 711 422 um.
734 383 755 440 1,
779 383 945 423 xrn-xvr.
1261 355 1302 419 67

163 565 240 627 mus,
274 543 401 609 liberos
431 566 575 628 quoque,
610 546 639 608 si
668 545 799 610 debiles
827 546 1076 629 monstrosique
1106 545 1188 610 editi
1217 551 1305 628 sunt,

162 653 355 740 mergimus3
389 674 453 719 nec
476 653 527 719 ira
549 653 610 718 sed
632 655 718 718 ratio
743 661 794 718 est
818 677 837 718 a
860 653 949 718 sanis
971 652 1106 718 inutilia
1118 675 1305 719 secernere.

161 761 213 826 Nil
243 763 357 827 minus
391 784 492 847 quam
520 762 621 828 irasci
649 763 846 848 punientem
874 759 988 845 decet,
1022 781 1099 828 eum
1129 785 1170 828 eo
1198 763 1342 848 magiae

162 870 203 935 ad
241 871 515 937 emendationem
531 859 655 958 ¹poena
682 871 852 957 proficiat,
897 872 926 935 si
953 870 1079 935 iudicio
1108 870 1212 936 inlata
1247 879 1308 937 est.

138 979 242 1044 elude
266 987 329 1063 est,
355 981 446 1066 qnod
467 980 626 1046 Socrates
649 1003 748 1045 seruo
773 980 845 1060 aits
868 980 1065 1064 ,caederem
1087 985 1132 1063 te,
1155 979 1221 1044 nisi
1243 981 1308 1045 ira-

162 1089 307 1167 scerer“;
332 1089 600 1156 admonitionem
623 1089 712 1154 serui
735 1091 771 1154 in
792 1097 926 1175 tempus
950 1089 1065 1154 sanius
1087 1088 1227 1172 distulit,
1251 1089 1308 1154 illo

160 1207 311 1283 tempore
336 1221 372 1262 se
397 1197 582 1265 admonuit.
618 1199 720 1264 Cuius
744 1199 807 1262 erit
830 1205 901 1262 tam
923 1205 1133 1284 temperatus
1157 1197 1309 1282 affectus,

161 1328 234 1371 oum
257 1291 419 1372 Socrates
452 1329 522 1372 non
556 1307 600 1372 sit
634 1329 736 1373 ausus
770 1329 806 1371 se
841 1307 910 1372 irae
936 1305 1172 1372 committere?
1216 1307 1310 1394 Ergo

162 1413 202 1478 ad
230 1415 473 1482 coercitionem
505 1417 688 1482 errantium
716 1415 1024 1500 sceleratorumque
1055 1415 1142 1481 irato
1166 1417 1310 1502 castiga·

126 1530 232 1588 atore
260 1546 332 1590 non
362 1546 447 1611 opus
471 1532 536 1608 est;
570 1547 649 1590 nam
672 1544 748 1589 oum
768 1525 821 1590 ira
844 1523 1005 1588 delictum
1030 1523 1131 1588 animi
1156 1523 1208 1607 sit,
1242 1546 1312 1590 non

161 1638 296 1718 oportet
317 1641 462 1719 peccata
486 1634 655 1718 corrigere
678 1641 889 1720 peccantem.

243 1741 341 1808 ΧΠ.
389 1740 499 1826 ,Quid
530 1743 635 1826 ergo?
668 1765 736 1808 nou
764 1744 892 1806 irascar
921 1741 1069 1806 latroni?
1105 1741 1186 1826 quid
1210 1743 1349 1826 ergo?1

161 1869 228 1914 non
261 1849 389 1915 irascar
422 1850 621 1916 uenefico?“
677 1851 770 1916 Non:
804 1871 915 1935 neque
948 1851 1036 1914 enirn
1065 1848 1148 1914 mihi
1177 1851 1314 1936 irascor,

162 1979 236 2024 cnm
264 1959 467 2045 sanguinem
494 1958 603 2025 mitto.
648 1959 755 2024 Omne
785 1981 916 2045 poenae
947 1980 1055 2043 genus
1087 1959 1214 2024 remedi
1236 1960 1349 2029 loco‘2

128 2097 149 2130 ιε
162 2067 343 2133 admoneo:
370 2067 441 2150 ,Tu
465 2067 574 2133 adhuc
598 2069 633 2132 in
655 2069 764 2153 prima
786 2075 881 2154 parte
905 2067 1050 2132 uersaris
1075 2087 1225 2133 errorum
1247 2090 1311 2133 nec

161 2177 311 2262 grauiter
349 2175 473 2242 laberis
513 2177 574 2241 sed
612 2175 825 2261 frequenter:
872 2175 1064 2261 obiurgatio
1097 2183 1133 2240 te
1167 2177 1312 2264 primum

162 2292 293 2351 secreta
319 2285 443 2350 deinde
466 2286 640 2372 publicata
663 2285 842 2350 emendare
866 2283 1056 2370 temptabit.
1101 2283 1153 2349 Tu
1175 2285 1310 2372 longius

161 2394 225 2459 iam
253 2393 461 2480 processisti,
497 2417 598 2480 quam
626 2401 665 2460 ut
693 2394 804 2481 possis
827 2393 940 2458 uerbis
964 2393 1090 2458 sanari:
1124 2395 1310 2478 ignominia

161 2503 408 2584 contineben's3
432 2503 463 2568 si
484 2502 546 2568 tibi
570 2491 693 2568 fortius
715 2501 841 2589 aliquid
864 2510 900 2566 et
918 2501 1009 2586 quod
1028 2503 1155 2568 sentias
1174 2503 1309 2568 inuren-

127 2637 149 2675 s
162 2611 241 2676 dum
265 2617 327 2694 est,
355 2612 390 2676 in
415 2612 551 2678 exilium
575 2619 609 2676 et
630 2612 706 2678 loca
728 2611 847 2698 ignota
863 2605 1017 2676 mitteris,
1063 2609 1155 2675 Inte
1175 2611 1310 2677 duriora

162 2719 312 2784 remedia
345 2720 411 2785 iam
434 2721 541 2787 solida
563 2720 716 2806 nequitia
739 2719 924 2784 desiderat:
960 2725 994 2782 et
1015 2719 1152 2784 uincula
1173 2720 1310 2807 publica

164 2837 197 2892 et
219 2849 336 2894 career
358 2827 581 2895 adhibebitur.
637 2829 714 2894 'libi
745 2827 941 2894 insanabilis
965 2827 1094 2892 animus
1119 2834 1154 2892 et
1176 2828 1345 2899 sceleri-3

164 2936 225 3002 bus
248 2937 378 3002 scelera
400 2943 595 3023 contexens,
630 2945 664 3002 et
686 2938 753 3002 iam
774 2959 843 3002 non
867 2937 986 3019 causis,
1018 2958 1104 3020 quae
1126 2959 1311 3022 numquam

163 3045 251 3112 malo
282 3045 461 3112 defuturae
490 3053 579 3131 sunt,
614 3045 796 3133 inpellens,
832 3045 892 3108 sed
921 3045 1003 3108 satis
1026 3043 1089 3108 tibi
1113 3053 1165 3110 est
1187 3067 1311 3132 magna

131 3183 152 3218 a
165 3153 206 3218 ad
234 3153 447 3242 peccandum
475 3177 578 3220 causa
604 3175 762 3241 peccare;
797 3152 975 3240 perbibisti
998 3153 1185 3238 nequitiam
1208 3156 1312 3220 etita

165 3263 350 3329 uisceribns
378 3264 590 3346 inmiscuisti,
624 3269 662 3328 ut
692 3262 757 3326 nisi
781 3283 857 3326 cum
879 3261 961 3346 ipsis
985 3261 1075 3326 exire
1098 3284 1167 3328 non
1189 3264 1312 3348 possit:

167 3455 392 3466 ——-—..

347 3574 355 3616 ,
437 3594 444 3607 ,
1227 3588 1229 3598 .

167 3625 180 3678 l
206 3631 386 3698 monstrosq;
409 3643 477 3685 corr.
493 3633 560 3698 l'ort.
579 3631 613 3688 ΑΙ
671 3627 812 3688 liudicio
831 3631 923 3688 inlata
940 3630 1048 3702 arripui,
1067 3637 1139 3702 meod
1157 3635 1234 3690 Stoa.
1254 3635 1313 3690 crit.

161 3727 189 3780 p.
207 3715 242 3767 76
260 3729 298 3782 eq.
317 3715 413 3770 saltem
429 3732 486 3770 uno
504 3719 623 3786 exemplo
640 3719 760 3786 fimana
779 3720 896 3774 atreum
913 3737 947 3774 ex
959 3719 1018 3775 Uol.
1030 3719 1109 3774 Mar.
1124 3721 1169 3784 VI,
1188 3723 1213 3786 3,
1231 3723 1251 3774 2
1270 3737 1314 3775 ac-

164 3799 255 3866 casia
273 3799 346 3865 ferri
362 3800 430 3865 sort.
445 3806 655 3869 pomerariam
674 3805 773 3859 oblata
790 3806 837 3859 uel
850 3806 941 3872 cleta;
960 3805 1049 3860 iudici
1066 3804 1186 3870 clatum
1205 3804 1313 3860 iudicio

165 3883 223 3938 leta
240 3881 261 3942 L
279 3892 313 3940 ut
327 3901 385 3954 uoq
404 3885 474 3941 date
490 3904 563 3944 unua
582 3885 611 3956 ll,
630 3889 680 3956 cfr.
698 3889 759 3944 Seu.
780 3890 885 3959 rupea
903 3893 946 3945 74.
1017 3891 1032 3945 7
1051 3896 1082 3946 u
1099 3888 1162 3956 et,
1182 3891 1253 3958 estod
1270 3909 1312 3960 up.

164 3971 303 4034 mutuum
322 3970 381 4026 iam
396 3989 431 4027 ea·
445 3975 548 4029 duobus
559 3971 579 4030 ll
590 3976 841 4030 commendauerat
851 3974 929 4032 stud
940 3977 998 4032 crit.
1004 3993 1034 4044 p.
1044 3977 1092 4044 77;
1109 3982 1314 4045 suncampus!

164 4054 287 4110 affectus
306 4059 468 4114 masuam
485 4060 570 4115 tane:
588 4068 620 4115 ut
638 4079 669 4115 se
683 4061 744 4116 irae
760 4061 941 4116 committere
957 4061 1065 4118 audeat
1079 4063 1240 4131 assequenti
1250 4079 1310 4116 een·

164 4142 251 4196 unua
258 4142 467 4211 intellepeudam
476 4161 532 4212 eree
540 4146 626 4213 credo,
637 4163 799 4216 quumqwm
805 4148 1052 4216 hudemamefit,
1063 4156 1113 4203 out
1120 4149 1192 4213 (enni
1205 4148 1313 4203 Wesen-
1389 4195 1392 4200 ,

164 4225 390 4296 berpiolsimilem
399 4229 521 4298 aliqum
529 4233 693 4286 amimalium
701 4233 842 4288 eccidisse.
878 4233 1087 4289 &obmitteret
1123 4234 1155 4286 13
1164 4234 1313 4302 ueneflcffo

165 4365 186 4432 (i
202 4365 328 4433 ercam
409 4367 440 4419 14
462 4316 573 4422 remedi
600 4385 668 4424 corr,
694 4371 759 4437 sort.
783 4370 818 4426 Αι
927 4373 957 4425 15
984 4377 1017 4424 tu
1043 4372 1072 4423 in
1099 4386 1153 4424 raa
1172 4369 1218 4439 d',
1246 4387 1314 4440 quae

166 4451 278 4506 contere
295 4459 422 4520 coeperm
438 4451 496 4508 adh
515 4454 614 4508 autem
629 4457 800 4524 pronmnine.
890 4455 921 4509 17
940 4455 1088 4526 publicata
1106 4454 1127 4510 Α
1146 4453 1177 4522 L;
1196 4455 1313 4526 publico

165 4552 245 4591 noua.
265 4534 287 4594 l)
311 4544 336 4592 et
353 4551 398 4606 up.
506 4541 537 4594 19
563 4541 587 4594 si
616 4541 725 4610 addida·
754 4542 856 4610 alioqui
883 4541 1055 4596 aeuumque
1081 4541 1229 4610 descriptio
1256 4544 1314 4596 eius

165 4623 315 4690 aequitiae,
348 4639 415 4692 quae
444 4625 529 4680 exilio
557 4625 698 4694 muniendo
730 4634 777 4682 ert.
881 4627 915 4681 22
950 4625 1137 4682 adhibebitur
1164 4627 1313 4690 &usmeta

165 4707 320 4764 adhibetur
337 4706 388 4767 AL
474 4719 522 4766 cst
536 4718 602 4780 poet
619 4712 732 4766 animus
751 4713 815 4767 add.
832 4731 876 4782 up.
963 4715 997 4766 ‘23
1015 4719 1042 4768 et
1062 4713 1121 4767 iam
1138 4731 1196 4782 up,
1216 4713 1274 4767 etia
1293 4715 1314 4768 Α

609 4837 612 4842 .
1073 4801 1108 4858 5*
