3176 5248
306 341 368 414 178
531 376 557 416 n.
581 369 699 416 Ausim
720 371 856 416 suumin
878 373 1078 417 nranoeoavn
1100 372 1160 416 nm.
1183 373 1225 414 vi.

303 539 483 626 inpatiens,
516 539 591 626 ipso
619 562 734 605 rursus
765 539 831 605 situ
860 547 894 604 et
923 540 993 606 otio
1021 539 1146 604 iturum
1172 539 1208 602 in
1237 538 1364 622 tabem,
1400 536 1470 602 ali-

303 655 419 713 menta
451 655 605 713 metuens
639 671 709 732 sua,
749 671 891 734 quorum
923 649 1022 714 modo
1054 652 1090 714 ui
1121 647 1278 714 insolubri
1308 649 1471 726 uitiatur,

303 759 395 822 modo
427 758 527 824 nimio
560 757 656 844 copia
688 758 863 844 rumpitur,
897 757 1016 822 anxiae
1050 757 1282 841 sollicitaeque
1313 755 1471 836 tutelae,

303 866 451 952 precarii
480 865 618 952 spiritus
641 871 677 932 et
698 865 786 931 male
808 864 990 952 haerentis,
1024 871 1045 948 †
1075 888 1143 950 quo
1163 887 1283 952 pamm
1304 863 1470 949 repenti·

303 996 384 1038 num
407 973 523 1040 audiet
541 997 583 1039 ex
598 975 772 1061 inprouiso
791 997 894 1042 sonus
912 975 1049 1041 auribus
1066 975 1181 1061 grauis
1199 973 1337 1056 excutit,
1364 971 1497 1038 solli-s

303 1084 457 1148 citudinis
497 1105 631 1170 semper
665 1083 730 1148 sibi
763 1084 1022 1167 nutrimentum,
1066 1083 1228 1150 uitiosum
1261 1087 1295 1146 et
1327 1081 1469 1147 inutile.

269 1190 467 1256 4Miramur
493 1192 529 1256 in
555 1190 621 1256 hoc
649 1199 802 1278 mortem,
836 1215 922 1279 quae
950 1194 1049 1258 unius
1077 1192 1243 1278 singultus
1271 1212 1359 1277 opus
1384 1190 1469 1256 est?

303 1299 468 1384 numquid
502 1301 602 1386 enim,
642 1308 681 1367 ut
714 1302 881 1387 concidat,
922 1301 1036 1387 magni
1069 1323 1124 1366 res
1157 1299 1346 1366 molimenti
1382 1299 1468 1380 est?

305 1407 399 1475 Odor
420 1407 471 1474 illi
493 1431 661 1496 saporque
686 1418 721 1475 et
741 1409 907 1476 lassitudo
931 1417 966 1476 et
987 1409 1106 1496 uigilia
1129 1417 1165 1474 st
1185 1429 1281 1474 umor
1303 1413 1339 1472 et
1360 1407 1467 1472 cibus

151 1525 201 1581 fol.
219 1523 289 1580 42¹⁷·
307 1524 343 1582 et
370 1518 442 1582 sine
472 1517 594 1602 quibus
622 1517 739 1584 uiuere
768 1541 837 1585 non
865 1525 980 1606 potest
1005 1519 1012 1604 l
1041 1517 1216 1585 mortifera
1243 1522 1336 1600 sunt;
1373 1538 1466 1601 quo·
1482 1547 1507 1582 ιο

305 1647 449 1711 cumque
480 1649 517 1690 se
546 1626 663 1711 mouit,
698 1629 814 1694 statim
835 1627 1041 1693 infirmitatis
1064 1650 1145 1694 suae
1169 1625 1352 1709 conscium,
1388 1647 1466 1690 non

304 1757 403 1800 omne
437 1734 568 1800 caelum
600 1734 730 1822 ferens,
764 1759 926 1822 aquarum
958 1737 1169 1802 nouitatibns
1200 1735 1353 1819 flatuque
1387 1755 1466 1799 non

303 1841 478 1908 familiaris
509 1865 607 1910 aurae
638 1851 673 1910 et
700 1845 907 1910 tenuissimis
938 1844 1048 1912 causis
1078 1852 1179 1930 atque
1210 1841 1464 1910 offensionibus

303 1951 505 2036 morbidum,
528 1960 637 2040 putre,
661 1956 861 2038 censurium,
884 1953 967 2018 fletu
989 1953 1095 2018 uitam
1118 1953 1344 2039 auspicatum:
1381 1973 1464 2017 cum

303 2060 441 2126 interim
480 2069 625 2147 quantos
666 2063 828 2128 tumultus
862 2060 927 2127 hoc
961 2069 1031 2128 tam
1065 2067 1297 2148 contemptum
1331 2059 1463 2126 animal
1478 2091 1504 2128 n

304 2171 437 2235 mouet!
470 2169 507 2234 in
536 2177 680 2254 quantas
710 2172 935 2256 cogitationes
965 2169 1107 2236 oblitum
1135 2169 1345 2236 condicionis
1375 2191 1462 2234 suae

270 2278 415 2343 tuenit!
469 2277 682 2364 Inmortulia‚
717 2286 855 2345 aeterna
882 2279 1015 2346 uolutat
1044 2279 1154 2345 animo
1185 2286 1221 2344 et
1246 2277 1283 2342 in
1309 2285 1462 2364 nepotes

305 2393 581 2474 pronepotesque
604 2386 763 2473 disponit,
791 2409 869 2454 cum
890 2387 1027 2454 interim
1047 2386 1152 2473 longa
1174 2394 1356 2452 conantem
1380 2408 1462 2452 eum

305 2611 534 2623 ——ss-

307 2753 321 2806 1
344 2751 454 2808 itumm
472 2751 502 2808 in
520 2753 618 2808 tabem
635 2753 710 2820 itcnu
737 2752 847 2808 iturum
864 2753 891 2809 dc
909 2753 970 2809 otiu
988 2753 1019 2808 in
1036 2753 1123 2810 tubes
1148 2752 1232 2820 (cros.
1250 2760 1282 2808 ut
1298 2753 1356 2808 uid.
1374 2752 1415 2820 m)
1433 2751 1459 2810 A

407 2840 424 2892 2
453 2838 539 2894 modo
569 2837 601 2894 ui
632 2837 773 2894 insalubri
800 2838 936 2906 uitiatur,
971 2839 1056 2894 modo
1083 2838 1182 2894 nimia
1200 2839 1284 2909 copia
1309 2839 1459 2908 rumpitur

305 2923 413 2992 scripsi,
431 2925 537 2980 inemo
554 2925 658 2980 scilicet
675 2924 842 2992 conuersum
869 2923 988 2980 modurn
1005 2923 1135 2996 ininopia
1152 2925 1298 2996 rumpitur
1316 2923 1351 2992 A;
1370 2922 1456 2979 modo

304 3009 403 3079 inopia
421 3016 604 3077 extenuatur,
623 3010 707 3066 modo
726 3009 810 3080 copia
828 3011 973 3080 rumpitur
991 3010 1119 3081 Moduiy,
1136 3011 1249 3080 itemque
1265 3012 1324 3076 fere
1341 3011 1454 3065 Pincia·

305 3111 366 3161 uus,
394 3096 450 3150 nisi
469 3097 539 3164 quod
557 3097 672 3152 laborat
687 3113 741 3164 pro
759 3102 935 3154 extenuatur
953 3099 1061 3164 scribta
1088 3099 1253 3166 scaporum
1269 3103 1339 3152 recte
1357 3095 1458 3166 inopia

304 3181 348 3236 tic
374 3183 513 3238 nominari
537 3183 605 3237 milri
631 3182 752 3250 uidetur,
781 3184 828 3238 aci
846 3183 1038 3251 explicandam
1061 3190 1109 3252 est,
1135 3200 1185 3238 cur
1206 3185 1337 3238 alimoto
1360 3189 1456 3237 costa

304 3275 470 3336 metuentem
496 3285 574 3323 nemo
597 3271 668 3324 enim
685 3285 718 3322 eo
735 3270 767 3324 ob
784 3271 907 3336 inopiam
925 3273 1027 3324 metuit.
1131 3269 1149 3323 3
1174 3267 1276 3340 ancxip
1296 3267 1456 3336 solliciteq;

305 3353 414 3424 tutele*
440 3352 461 3409 A
488 3361 550 3420 (pro
572 3356 667 3410 ulu'uw
690 3373 705 3424 a
724 3362 788 3408 aare
804 3369 933 3410 rasuram
951 3355 976 3410 d
994 3361 1045 3411 out
1061 3373 1097 3410 ex
1114 3355 1204 3420 fuisse
1220 3354 1352 3421 affletur).

303 3440 321 3492 4
339 3438 463 3507 precarii
482 3435 500 3494 F
518 3447 549 3494 ut
565 3458 624 3510 ¹⁴94
644 3457 764 3510 precare
783 3438 804 3496 A
904 3457 961 3509 qua
979 3457 1082 3510 parum
1100 3440 1253 3510 repentinu
1268 3439 1273 3504 l
1288 3439 1390 3496 audiet
1407 3459 1455 3496 ex-

304 3524 453 3593 inprouiso
478 3543 566 3580 sonus
586 3521 626 3582 AF
648 3529 769 3593 pessime
791 3529 927 3594 comptu·
955 3526 1023 3594 quid
1044 3527 1132 3582 lateat
1156 3526 1254 3594 nescio,
1281 3542 1329 3582 aec
1351 3528 1454 3582 coniec-

305 3619 383 3666 uras
406 3609 495 3668 adduc
512 3613 683 3679 propositos,
707 3610 815 3679 partim
835 3613 983 3677 manifesto
1000 3627 1111 3680 prauos
1123 3613 1230 3681 portius
1245 3612 1455 3680 incertissimus,

304 3696 414 3761 adferre
432 3695 667 3766 operaepretium
683 3696 750 3751 milri
767 3698 860 3752 uisum
875 3703 928 3766 cst·
954 3698 1044 3752 dicam
1063 3705 1153 3754 mmm
1172 3697 1309 3764 Senecam,
1328 3698 1402 3766 cuod
1419 3698 1456 3753 od

303 3784 464 3838 senteutiam
482 3782 608 3848 attineat,
624 3783 691 3837 Acce
707 3783 765 3847 fere
782 3783 898 3838 scribm
910 3785 1035 3851 pomaeo
1051 3783 1119 3840 mitt
1135 3785 1240 3842 uideri:
1258 3783 1336 3852 quod
1345 3801 1454 3855 pauore

303 3867 456 3937 repentino
475 3868 522 3923 uel
540 3867 657 3922 auditus
676 3885 713 3922 ex
731 3867 748 3922 i.
765 3887 787 3924 s.
803 3887 828 3924 a.
844 3885 871 3938 g.
890 3867 1003 3924 excutit
1020 3869 1081 3936 (tc.
1100 3875 1227 3940 quassat,
1245 3872 1297 3936 cfr.
1308 3869 1372 3925 Sco.
1384 3878 1454 3939 trop

303 3952 400 4021 Apum,
410 3955 448 4018 5).
517 3954 534 4008 5
552 3952 758 4008 sollicitudinis
775 3955 875 4022 scripsi
884 3954 960 4010 ΒΜ.
971 3955 1030 4010 crit.
1037 3971 1066 4023 p.
1077 3957 1141 4023 1093
1160 3956 1227 4012 solli
1244 3952 1285 4013 AF
1303 3957 1373 4023 (non
1392 3955 1454 4022 soli,

303 4038 462 4094 “Adixerat
478 4037 603 4105 Fickert)
707 4041 724 4094 6
741 4039 844 4096 inutile
862 4037 881 4098 F
900 4049 931 4096 ut
947 4058 1005 4110 ης
1032 4040 1130 4096 inutili
1147 4040 1170 4098 A
1272 4042 1288 4095 ‘1
1307 4041 1454 4112 singultus

303 4123 413 4192 anm
439 4123 583 4194 singulius
601 4124 622 4181 A
641 4125 777 4195 (singulis
796 4124 814 4183 F
831 4133 863 4182 ut
879 4128 959 4182 ceteri
975 4126 1035 4192 sere
1051 4124 1082 4194 Ι),
1100 4128 1173 4182 unde
1190 4143 1234 4196 up.
1252 4130 1355 4195 inepte:
1378 4145 1453 4182 mor-

1201 4213 1216 4252 ιι

303 4269 363 4316 tem
387 4259 481 4328 unius,
509 4279 567 4331 qua
590 4261 714 4331 singulis
738 4279 810 4332 opus
829 4264 886 4330 est)
989 4265 1006 4318 9
1031 4282 1115 4319 umor
1133 4264 1185 4332 A¹;
1212 4283 1295 4319 umor
1312 4263 1349 4321 A⁵

305 4347 337 4401 12
362 4346 464 4418 *cclii*
490 4363 557 4402 corr.
578 4365 612 4402 eu
636 4349 731 4403 scelus
750 4348 772 4406 A
876 4348 909 4405 13
934 4349 1087 4405 familiaris
1111 4369 1200 4406 aurae
1219 4355 1251 4406 et
1275 4367 1319 4418 up.
1338 4349 1403 4404 inde
1420 4349 1454 4404 ab

304 4433 437 4500 Ermum
465 4431 618 4502 familiaris
641 4451 713 4488 aura
736 4440 766 4490 et
792 4434 825 4502 A;
852 4434 990 4492 familiari
1014 4454 1086 4492 aura
1104 4442 1134 4492 et
1152 4432 1170 4493 F
1188 4443 1215 4491 ct
1231 4431 1350 4492 camvill

304 4519 338 4572 14
364 4517 529 4574 causarium
548 4519 685 4576 Gnaeus
714 4522 846 4589 (idemque
863 4521 1038 4592 Bouporsius
1061 4539 1111 4591 „cx
1130 4521 1237 4576 Octauii
1260 4521 1365 4578 codicel
1388 4535 1452 4576 eno·

304 4604 405 4673 taram
425 4622 578 4659 causarum
596 4604 618 4663 A
720 4609 751 4661 in
767 4623 819 4676 roy.
838 4607 889 4664 A·:
907 4607 1099 4677 Auspicatum
1119 4607 1145 4664 ‚i
1163 4613 1199 4664 cd
1217 4607 1347 4678 auspicio
1365 4611 1453 4662 noctu

406 4691 438 4746 15
458 4689 565 4746 animal
584 4687 603 4748 F
620 4697 652 4748 ut
668 4709 726 4761 u9.;
744 4689 862 4764 animalj
882 4692 904 4750 A
