3182 5252
343 383 408 448 260
566 408 593 448 n.
617 405 735 448 arsam
757 405 893 446 saracin
915 401 1116 444 omnoccavu
1137 405 1199 445 nrn.
1223 405 1290 446 vm.

308 589 326 644 8
346 571 499 640 mortuiis
523 577 585 637 est.
631 571 724 656 Ergo
748 567 934 635 secundum
955 575 1114 635 namnam
1134 569 1225 650 uiuo,
1259 568 1289 634 si
1311 576 1423 635 toturn
1443 593 1494 636 ms

342 680 392 746 illi
415 680 504 766 dedi,
535 679 563 744 si
585 679 674 744 illius
698 677 883 744 admirator
905 677 1082 762 cultorque
1104 699 1188 744 sum.
1232 676 1364 744 Natura
1386 686 1495 746 autem

342 797 524 874 utrumque
557 787 672 853 facere
706 809 760 852 me
793 785 912 871 uoluit,
947 793 982 852 et
1015 808 1117 872 agere
1152 793 1187 850 et
1219 787 1494 874 contemplationi

342 920 484 964 uacare:
518 903 700 980 utrumque
722 893 822 979 facio,
846 895 1005 982 quoniam
1026 916 1071 960 ne
1094 895 1338 982 contemplatio
1362 896 1494 982 quidem

344 1007 417 1072 sine
440 1007 576 1072 actione
600 1011 660 1070 est.
1504 1035 1515 1070 a

313 1135 327 1187 1
430 1115 490 1180 VI.
549 1112 638 1198 ,Sed
670 1111 795 1178 refert“
836 1112 966 1198 inquis,
1011 1133 1077 1196 ,an
1109 1111 1153 1177 ad
1185 1111 1278 1178 illam
1311 1113 1492 1200 uoluptatis

346 1245 449 1288 causa
479 1223 664 1288 accesseris
685 1219 772 1286 nihil
794 1220 886 1287 aliud
908 1243 950 1286 ex
970 1219 1031 1286 illa
1052 1227 1174 1307 petens
1197 1243 1299 1306 quam
1321 1222 1493 1288 adsiduam

349 1329 673 1417 contemplationem
704 1329 776 1396 sine
800 1329 906 1414 exitu3
942 1335 995 1394 est
1018 1328 1109 1394 enim
1131 1328 1239 1395 dulcis
1263 1335 1298 1395 et
1319 1329 1427 1397 habet
1447 1331 1491 1396 in·

343 1439 497 1504 lecebras
525 1438 632 1504 suas.“
678 1437 853 1503 Aduersus
880 1435 946 1504 hoc
974 1437 1039 1503 tibi
1060 1437 1269 1524 respondeo:
1303 1437 1423 1525 Aeque
1445 1463 1490 1505 re·

343 1545 420 1633 fert,
439 1569 505 1632 quo
524 1547 636 1613 animo
655 1546 790 1612 ciuilem
807 1568 889 1632 agas
905 1545 1021 1630 uitam,
1040 1568 1084 1612 su
1102 1547 1162 1628 (at)
1182 1569 1316 1634 semper
1326 1549 1490 1635 inquietus
1501 1574 1520 1612 ιο

345 1656 392 1721 sis
414 1677 479 1720 neo
501 1655 563 1720 tibi
584 1677 742 1742 umquam
765 1676 877 1720 sumas
899 1653 1006 1720 ullum
1028 1659 1172 1741 tempus,
1195 1678 1263 1741 quo
1281 1657 1324 1722 ab
1343 1656 1489 1722 humanis

309 1763 390 1830 aad
414 1764 529 1830 diuina
551 1763 723 1850 respicias.
777 1761 955 1840 Quomodo
978 1783 1033 1828 res
1056 1761 1219 1849 adpetere
1241 1765 1315 1831 sine
1337 1766 1408 1832 ullo
1430 1767 1488 1832 uir·

346 1879 458 1938 tutum
486 1895 600 1938 amore
630 1879 665 1937 et
692 1871 765 1937 sine
794 1870 889 1936 cultu
917 1870 1034 1957 ingeni
1057 1893 1097 1936 ao
1119 1871 1228 1938 nudas
1252 1872 1355 1940 edere
1379 1897 1488 1962 operas

344 1981 481 2048 minime
504 1979 682 2068 probabile
706 1987 759 2045 est
781 1979 929 2060 (misceri
952 1979 1042 2044 enim
1064 1979 1131 2046 ista
1151 1981 1241 2046 inter
1258 2003 1296 2046 se
1314 1989 1350 2048 et
1368 1983 1488 2048 conseri

345 2089 496 2174 debent),
519 2089 568 2154 sio
590 2087 815 2170 inperfectum
836 2111 876 2154 ac
899 2087 1098 2175 languidum
1117 2088 1247 2154 bonum
1269 2097 1324 2156 est
1339 2091 1375 2156 in
1393 2091 1488 2158 otium
1499 2119 1518 2156 u

346 2197 419 2263 sine
452 2204 532 2264 actu
553 2197 708 2284 proiecta
729 2198 846 2282 uirtus,
879 2219 1064 2282 numquam
1085 2196 1131 2281 id,
1166 2197 1258 2283 quod
1281 2197 1410 2284 didicit,
1442 2221 1486 2264 cs-

311 2304 500 2377 stendens.
546 2305 629 2382 Quis
651 2313 757 2390 negat
777 2305 871 2371 illam
894 2305 1020 2371 debere
1043 2305 1217 2393 profectus
1240 2329 1321 2373 suos
1343 2309 1379 2373 in
1396 2330 1487 2394 opere

345 2418 532 2499 temptare,
565 2436 630 2479 neo
659 2419 794 2479 tantum
824 2413 906 2498 quid
934 2413 1130 2480 faciendum
1159 2415 1204 2480 sit
1233 2416 1403 2502 cogitare,
1435 2415 1488 2482 sed

347 2521 451 2588 etiam
474 2521 656 2606 aliquando
679 2544 816 2587 manum
839 2543 997 2588 exercere
1020 2531 1056 2587 et
1079 2545 1128 2606 ea,
1152 2545 1238 2608 quae
1256 2524 1422 2591 meditata
1437 2531 1486 2601 est,

345 2629 390 2695 ad
422 2651 542 2696 uerum
575 2629 784 2717 perducere?
818 2629 939 2715 quodsi
970 2653 1034 2718 per
1065 2631 1177 2717 ipsum
1209 2631 1400 2718 sapientem
1427 2654 1515 2698 nona

345 2745 398 2803 est
420 2761 524 2824 mora,
558 2739 587 2804 si
616 2761 686 2806 non
708 2745 805 2804 sotor
827 2737 933 2823 deest,
968 2738 1030 2804 sed
1051 2739 1186 2826 agenda
1209 2740 1343 2824 desunt,
1377 2739 1486 2826 ecquid

310 2845 395 2914 4illi
425 2869 539 2912 secum
571 2869 644 2912 csse
672 2848 875 2933 permittes?
931 2848 1006 2924 Quo
1029 2848 1142 2912 anime
1165 2849 1208 2914 ad
1232 2849 1339 2914 otium
1363 2850 1485 2936 sapiens
1572 2937 1573 2942 γ

347 2955 499 3022 secedit?
533 2963 571 3020 ut
605 2956 691 3022 sciat
718 2977 755 3021 se
783 2962 857 3020 tum
885 2977 1019 3041 quoquc
1049 2979 1089 3022 ea
1117 2963 1287 3040 actuum,
1321 2980 1384 3044 per
1410 2978 1484 3043 quas
1572 2977 1573 3050 3

347 3063 494 3149 posteris
516 3065 639 3151 prosit;
669 3086 732 3130 nos
755 3071 848 3129 certe
871 3086 995 3149 sumus,
1019 3065 1077 3150 qui
1099 3063 1242 3131 dicimus
1266 3071 1302 3131 et
1323 3067 1485 3132 Zenonem

346 3178 382 3236 et
399 3171 627 3259 Chrysippum
648 3173 777 3238 maiora
801 3173 921 3259 egisse,
944 3195 1045 3258 quam
1068 3171 1097 3237 si
1119 3173 1295 3239 duxissent
1319 3174 1512 3254 exercitusa

346 3280 534 3366 gessissent
565 3279 723 3366 honores
756 3281 852 3367 leges
873 3281 1047 3346 tulissent:
1083 3303 1167 3366 quas
1189 3303 1260 3348 non
1282 3282 1342 3347 uni
1365 3279 1483 3347 ciuitati

346 3386 408 3452 sed
434 3388 500 3454 toti
527 3388 675 3455 humano
704 3389 823 3475 generi
849 3389 1009 3454 tulerimt.
1067 3389 1156 3466 Quid
1185 3396 1238 3455 est
1266 3413 1359 3476 ergo,
1392 3411 1482 3475 quare

346 3808 519 3879 lascdmd
621 3812 685 3865 2in
703 3827 754 3880 my.
772 3810 825 3867 A’:
843 3809 1011 3866 Admirator
1030 3812 1055 3867 .i.
1074 3811 1205 3866 imitator
1223 3811 1260 3880 (?)
1366 3814 1481 3867 tuccas·

345 3893 419 3948 seris
436 3911 490 3964 my.
509 3896 571 3950 edit.
591 3897 686 3965 Juyes.
704 3904 731 3951 et
748 3897 871 3958 dictem
890 3897 1049 3952 accesserit
1067 3897 1089 3954 Α
1158 3897 1232 3953 aliut
1250 3898 1298 3966 A',
1318 3915 1388 3954 corr.
1405 3897 1438 3956 A*

343 3979 362 4032 8
380 3981 657 4050 contemplationem
675 3981 738 4037 sine
756 3982 851 4048 exitu;
870 3989 916 4037 cst
933 3983 1011 4038 enim
1028 4001 1100 4038 uorsa
1119 3981 1140 4041 Ι)
1160 3983 1274 4038 Gndera'
1292 3992 1319 4040 ct
1335 4001 1378 4052 ay.
1396 3982 1481 4038 tadeo

345 4065 468 4132 Murato,
496 4067 860 4136 contemplationem.sine
883 4069 965 4124 exitu
989 4076 1107 4124 est.eet
1131 4077 1179 4124 sni
1197 4069 1226 4133 A,
1253 4072 1301 4137 qui
1323 4070 1354 4123 in
1376 4075 1482 4122 ama

343 4150 426 4205 huius
444 4152 549 4221 dialect
563 4160 646 4220 parta
663 4153 776 4222 saepias
792 4155 876 4208 uerba
894 4171 985 4209 errore
1000 4155 1103 4209 iterata
1120 4155 1206 4210 batn.
1270 4156 1302 4208 10
1320 4161 1355 4208 ut
1371 4153 1429 4207 odd.
1446 4165 1480 4216 ¹⁴9·
1570 4181 1571 4226 1

552 4239 560 4276 i

430 4290 462 4343 11
479 4307 534 4344 nec
553 4297 566 4344 t
584 4307 723 4360 umquam
741 4291 842 4358 scripsi
847 4309 853 4356 ;
872 4308 926 4345 nec
943 4296 977 4345 td
996 4307 1068 4360 quas
1086 4290 1121 4356 Δς
1139 4309 1192 4346 nec
1210 4309 1350 4360 umquam
1367 4308 1408 4360 uo.

345 4375 378 4427 12
396 4371 510 4444 diuinas
529 4375 550 4432 A
569 4378 606 4441 (et
624 4375 637 4444 s
652 4392 742 4444 paena
759 4377 874 4430 deletum
892 4381 950 4440 est).
1031 4376 1064 4431 13
1081 4376 1173 4432 nudas
1189 4376 1294 4433 *edere
1313 4392 1412 4448 operas
1427 4375 1480 4440 sori·

343 4459 395 4526 Au
422 4461 500 4515 nuda
518 4461 619 4517 sedere
639 4477 757 4531 operam
775 4460 809 4517 11ι
918 4461 950 4516 15
973 4460 1178 4531 imperfectum
1195 4477 1255 4531 “94
1283 4463 1361 4518 inter
1376 4455 1480 4516 fectus

448 4547 479 4601 17
503 4545 583 4602 illam
603 4547 708 4602 debere
724 4549 849 4615 plerique
867 4543 888 4603 Ι)
906 4555 933 4602 et
949 4564 993 4616 aq.
1011 4550 1074 4603 inde
1092 4565 1110 4603 a
1129 4547 1249 4603 Gratero
1265 4555 1292 4604 et
1308 4548 1415 4616 Lepsia:
1438 4543 1479 4597 ills

344 4629 449 4686 debere
477 4631 527 4686 illa
554 4632 575 4689 A
687 4633 718 4687 19
745 4639 790 4688 est
816 4632 930 4700 smipai;
958 4641 1027 4688 sunt
1053 4633 1075 4690 A
1178 4633 1211 4687 20
1238 4633 1342 4703 quodsi
1368 4631 1479 4700 Lipsius:

344 4715 414 4784 quid
432 4717 496 4774 sis
