3230 5258
275 349 340 414 410
497 373 525 412 u.
549 371 667 414 arsam
689 371 827 414 serrem
848 371 1051 414 omnoooavu
1071 372 1132 414 um.
1157 372 1212 414 xn.

275 539 403 606 obiecit
426 545 470 622 et,
493 538 574 604 dum
597 537 727 623 cogitat
749 535 791 602 de
814 535 878 601 uiri
900 535 1029 620 funere,
1052 535 1137 602 nihil
1160 536 1204 603 de
1221 560 1283 603 suo
1301 539 1431 604 timuit!

273 648 481 714 Nobilitatur
503 646 707 713 carminibus
731 646 889 730 omnium,
913 667 1001 731 quae
1023 668 1061 712 se
1083 668 1145 732 pro
1169 646 1316 732 coniuge
1338 647 1432 712 uica-

274 757 358 824 riam
387 756 499 840 dedit3
533 755 599 823 hcc
628 755 771 842 amplius
801 761 862 838 est,
897 753 1091 822 discrimine
1119 755 1214 822 uitae
1236 756 1432 842 sepulcrum

273 866 346 931 uiro
378 887 558 952 quaerere:
593 865 701 932 maior
731 871 783 929 est
812 885 915 948 amor,
950 863 1008 948 qui
1035 861 1110 951 pari
1136 863 1288 951 periculo
1317 865 1431 930 minus

239 985 256 1038 6
274 974 418 1041 redimit.
463 975 549 1042 Post
569 973 636 1040 hoc
658 995 759 1042 nemo
777 973 927 1056 muatur,
952 971 1046 1058 quod
1062 995 1125 1060 per
1143 973 1294 1040 sedecim
1311 995 1457 1060 annosa

274 1083 398 1170 quibus
420 1082 618 1170 Aegyptum
651 1084 791 1150 maritus
815 1083 888 1150 eius
912 1081 1069 1169 optinuit,
1101 1103 1287 1168 numquam
1309 1083 1346 1148 in
1367 1106 1431 1170 pu-

272 1193 363 1260 blico
394 1199 580 1279 conspecta
608 1200 670 1277 est,
705 1192 876 1258 neminem
904 1189 1148 1276 prouincialem
1171 1187 1309 1258 domum
1332 1214 1431 1258 suam

274 1302 418 1385 admisit,
448 1299 533 1366 nihil
555 1324 576 1367 a
597 1301 672 1368 uiro
695 1302 805 1388 petiit,
835 1299 921 1366 nihil
943 1322 963 1365 a
985 1321 1022 1366 se
1044 1300 1116 1386 peti
1138 1323 1241 1387 passa
1263 1307 1331 1384 est;
1365 1301 1431 1368 ita·

273 1433 340 1497 que
372 1409 498 1496 loquax
520 1417 555 1477 et
577 1411 612 1476 in
636 1409 857 1478 contumelias
879 1408 1127 1496 praefectorum
1148 1410 1329 1496 ingeniosa
1350 1433 1431 1498 pro·

273 1519 394 1604 uincla,
417 1520 453 1585 in
475 1542 542 1605 qua
565 1521 668 1586 etiem
691 1519 749 1605 qui
772 1519 967 1584 uitauerunt
989 1517 1123 1604 culpam
1144 1541 1214 1585 non
1234 1519 1432 1606 effugerunt
1445 1545 1471 1580 ιο

272 1627 456 1712 infamiam,
490 1627 587 1694 uelut
616 1629 755 1694 unicum
777 1627 969 1696 sanctitatis
993 1629 1185 1714 exemplum
1207 1630 1362 1716 suspexit
1383 1637 1429 1714 et,

273 1738 367 1822 quod
395 1737 444 1804 illi
474 1735 713 1804 difficillimum
736 1745 797 1821 est,
834 1736 889 1804 cui
912 1737 1017 1802 etiam
1038 1736 1222 1823 periculosi
1243 1737 1332 1803 sales
1354 1738 1429 1825 pla-

273 1853 362 1930 cent,
397 1869 531 1914 omnem
560 1847 743 1912 uerborum
764 1846 938 1912 licentiam
961 1844 1131 1912 continuit
1153 1853 1189 1912 et
1209 1845 1314 1913 hodie
1336 1847 1429 1913 simi-

272 1955 340 2022 lem
361 1954 421 2040 illi,
445 1956 600 2042 quemuis
623 1977 808 2041 numquam
827 1961 951 2041 speret,
974 1976 1109 2040 semper
1128 1961 1234 2041 optat.
1279 1954 1430 2022 Multum

130 2141 136 2153 .
218 2117 219 2122 1
274 2071 362 2150 eret,
395 2065 425 2130 si
454 2086 516 2152 per
542 2064 631 2130 XVI
660 2087 767 2130 annos
794 2063 888 2129 illam
916 2063 1094 2149 prouincia
1121 2065 1316 2150 probasset;
1349 2065 1429 2152 plus
1445 2091 1471 2128 ιε

239 2181 255 2234 i
274 2181 336 2256 est,
359 2172 453 2260 quod
474 2173 655 2258 ignorauit.
701 2173 798 2238 Haec
820 2194 890 2237 non
911 2170 990 2238 ideo
1013 2171 1136 2256 refero,
1159 2179 1197 2238 ut
1214 2171 1336 2240 laudes
1354 2175 1428 2240 eius

273 2305 430 2368 exequar,
465 2303 549 2368 quas
580 2281 860 2347 circumscribere
890 2287 943 2346 est
963 2287 1035 2346 tam
1056 2303 1160 2366 parce
1183 2289 1427 2367 transcurrere,

272 2389 334 2456 sed
361 2397 401 2456 ut
429 2390 609 2476 intellegas
637 2391 752 2476 magni
782 2390 884 2455 enimi
914 2411 989 2454 esse
1016 2387 1194 2475 feminam,
1228 2413 1330 2476 quam
1356 2413 1429 2458 non

272 2498 423 2582 ambitio,
456 2521 526 2565 non
554 2499 706 2582 auaritia,
741 2499 883 2566 comites
913 2496 1022 2564 onmis
1045 2500 1220 2586 potentiae
1245 2506 1280 2565 et
1301 2505 1428 2587 pestes,

271 2607 437 2693 uicerunt,
461 2629 530 2674 nen
552 2613 663 2674 metus
685 2608 803 2674 mortis
826 2609 895 2674 iam
915 2613 1088 2674 exarmata
1105 2631 1195 2675 naue
1212 2607 1428 2696 nauli-agium
1441 2639 1468 2676 so

272 2737 370 2782 suum
398 2723 610 2803 spectantem
639 2715 815 2802 deterriut,
850 2739 917 2801 quo
944 2717 1057 2782 minus
1081 2717 1228 2783 exanimi
1249 2718 1323 2784 niro
1345 2717 1427 2784 hae·

270 2848 349 2892 rens
372 2848 441 2892 non
465 2831 654 2912 quaereret,
677 2823 964 2911 quemadmodum
985 2825 1066 2891 inde
1091 2825 1207 2910 exiret,
1230 2825 1292 2892 sed
1311 2849 1427 2913 quem·

272 2933 454 3002 admodum
477 2933 622 3002 efferret.
667 2934 759 3000 Huic
780 2956 898 3022 parem
920 2934 1088 3002 uirtutem.
1106 2933 1267 3002 exhibeas
1291 2943 1429 3023 oportet

272 3051 307 3110 et
335 3043 483 3110 animum
512 3067 532 3110 a
557 3044 654 3110 luctu
682 3045 827 3130 recipias
856 3051 891 3109 et
920 3042 957 3109 id
979 3066 1072 3130 agas,
1105 3067 1150 3111 ne
1173 3045 1249 3132 quis
1271 3053 1307 3110 te
1329 3053 1429 3132 putet

271 3159 389 3240 partus
411 3153 462 3218 tui
483 3153 669 3239 paenitere.
1440 3187 1465 3224 a

238 3277 253 3329 1
357 3259 440 3328 XX.
486 3261 654 3345 Getarum,
683 3260 763 3348 quie
790 3284 931 3328 necesse
962 3267 1022 3347 est,
1052 3284 1130 3327 cum
1158 3261 1272 3328 omnia
1293 3261 1426 3348 feceris,

272 3371 498 3459 cogitationes
538 3377 653 3438 tamen
693 3378 769 3436 tuas
810 3369 956 3436 subinde
990 3370 1034 3437 ad
1066 3392 1122 3437 me
1153 3393 1328 3438 recurrere
1361 3393 1426 3438 nec

272 3501 476 3568 quemquam
503 3503 594 3546 nunc
624 3503 665 3546 ex
687 3479 804 3546 liberis
825 3478 895 3546 tuis
916 3477 1131 3566 frequentius
1153 3480 1216 3546 tibi
1239 3481 1425 3566 obuersari,

269 3613 340 3656 non
363 3589 442 3675 quia
463 3589 514 3654 illi
535 3590 647 3654 minus
669 3589 739 3654 cari
764 3595 853 3673 aunt,
876 3595 930 3654 set
948 3589 1028 3675 quio
1043 3588 1199 3655 naturale
1218 3597 1271 3655 est
1288 3610 1427 3656 manum

271 3699 405 3788 saepius
430 3699 473 3764 ad
495 3697 532 3764 id
553 3697 691 3782 referre,
714 3697 806 3783 quod
829 3696 954 3784 doleat,
977 3697 1113 3783 qualem
1134 3719 1190 3764 me
1213 3697 1345 3785 cogites
1369 3722 1424 3764 ac·
1437 3739 1462 3776 c

271 3877 492 3888 -ι--.-ι---

264 3959 283 4013 3
301 3957 459 4028 sepulchre
476 3945 541 4013 uiro
560 3972 682 4026 querere
701 3955 722 4013 Α
807 3955 824 4010 'l
842 3973 927 4011 suum
944 3971 1013 4011 corr.
1032 3971 1066 4010 erc
1084 3973 1168 4012 sunm
1186 3956 1218 4014 A*
1305 3959 1324 4012 8
1341 3957 1425 4014 auiro

264 4043 297 4112 l;
325 4044 362 4099 ab
388 4044 450 4099 ullo
477 4042 545 4098 ccci.
571 4043 730 4109 Rectum,
757 4039 807 4095 aed
834 4040 906 4096 illud
930 4047 1000 4097 recte
1025 4041 1150 4108 descedit
1174 4041 1319 4098 umam

262 4129 349 4201 petiit
366 4147 423 4200 upa
441 4128 518 4200 petit
535 4127 557 4185 Α
622 4127 764 4196 dloquar
781 4127 815 4184 Μ
833 4125 865 4194 (x
879 4142 932 4196 pro
951 4145 966 4180 r
982 4127 1026 4182 uel
1043 4144 1058 4181 e
1078 4142 1158 4182 eram
1176 4126 1354 4184 maecum
1373 4129 1423 4195 eat)

362 4231 623 4304 incontumeliosas
649 4231 773 4301 plector
796 4229 827 4297 Α,
854 4246 923 4286 corr.
947 4246 1014 4296 up.v
1098 4232 1131 4284 ll
1156 4217 1273 4286 strictis
1297 4231 1319 4288 Α

691 4317 698 4354 1

261 4373 294 4428 la
310 4371 468 4442 periculosi
488 4370 519 4427 A*
623 4371 658 4426 20
675 4375 746 4426 nce!
763 4368 847 4437 (corr.
865 4384 900 4422 m.
920 4367 948 4436 1)
965 4365 987 4423 A
1056 4383 1058 4390 ’
1083 4365 1142 4422 iam
1162 4367 1295 4437 Μαάιιίρς
1317 4367 1421 4426 eamd

360 4474 436 4512 naue
454 4456 489 4524 ¹⁴³3
507 4455 578 4512 naui
595 4472 639 4524 aq.
733 4455 768 4510 22
785 4473 843 4510 non
862 4458 1018 4523 quaereret
1034 4453 1069 4518 A:
1088 4461 1251 4522 quaereret,
1270 4471 1329 4510 non
1346 4471 1416 4511 corr.

255 4541 418 4598 Pincianus.
510 4542 597 4596 certo
614 4539 683 4597 inde
701 4539 796 4597 exiret
807 4582 812 4596 .
823 4539 877 4595 aed
895 4539 1086 4608 queudmodd‚
1104 4555 1174 4609 quoe
1191 4557 1225 4596 m.
1245 4543 1261 4595 1
1280 4541 1417 4606 ouban,

253 4627 285 4683 in
300 4643 353 4696 mu
371 4628 511 4696 supplente
527 4627 560 4684 A*
672 4627 707 4681 29
735 4624 795 4682 cari
814 4631 884 4680 sunt
902 4624 944 4682 a&
964 4642 1001 4694 qa
1018 4625 1052 4692 t;
1078 4625 1265 4682 tedmarum
1283 4631 1353 4682 sunt
1370 4627 1416 4682 de·

249 4713 329 4781 [cadi
346 4711 422 4769 stud.
441 4712 500 4770 crit.
516 4730 545 4782 p.
565 4715 624 4778 163,
644 4727 708 4768 aum
725 4726 769 4778 up.
788 4709 848 4766 sint
874 4710 1011 4768 edebam
1082 4710 1117 4766 30
1134 4709 1217 4767 delet
1235 4727 1309 4768 anua
1327 4708 1349 4769 D
