3286 5244
584 407 624 448 na
647 405 854 448 caovtnnarm
878 405 912 445 11.
1310 379 1330 442 5

181 591 312 652 quoque
337 569 458 635 diebus
485 571 555 636 'non
578 571 753 657 patiuntur
775 593 850 636 esse
874 569 1002 635 otiosos
1026 577 1060 634 et
1083 568 1241 636 sudorem
1262 569 1328 636 illis

181 685 215 740 et
241 676 413 744 interdum
434 679 590 744 lacrimas
614 680 803 762 excutiunt;
839 685 874 744 at
896 687 1019 744 matres
1042 678 1160 744 fouere
1182 677 1218 744 in
1241 679 1327 764 sinu,

180 787 356 854 continere
390 788 425 852 iu
458 789 577 854 umbra
610 789 739 874 uolunt,
779 810 961 873 numquam
995 787 1196 872 contristari,
1231 810 1327 853 num-

180 917 279 980 quam
318 895 416 980 flere,
461 921 643 983 numquam
681 898 845 964 laborare.
911 897 1064 962 Patrium
1103 897 1185 962 deus
1223 895 1363 970 habeta

149 1003 343 1076 saduersus
386 1005 497 1072 bonos
540 1007 632 1073 uiros
678 1007 825 1072 animum
870 1013 905 1071 ct
947 1005 1024 1071 illos
1056 1004 1200 1072 fortiter
1238 1015 1328 1070 amat

178 1121 228 1179 et:
275 1114 477 1200 „operibus“
512 1115 632 1200 inquit,
674 1115 884 1202 „doloribus‚
930 1115 1060 1182 damnis
1102 1113 1326 1200 exagitentur,

176 1228 213 1286 ut
243 1245 360 1288 uerum
391 1223 554 1310 colligant
582 1223 715 1290 robur.“
760 1225 941 1310 Languent
969 1247 1031 1311 per
1057 1223 1216 1288 inertiam
1239 1223 1326 1310 eagi-

174 1337 257 1396 nata
289 1353 355 1396 nec
388 1332 505 1398 labore
537 1340 680 1416 tantum,
714 1333 774 1399 sed
807 1340 911 1418 motu,
946 1334 1007 1398 sed
1033 1333 1118 1418 ipso‘
1141 1332 1193 1398 sui
1223 1355 1325 1398 onere

175 1438 350 1506 deficiunt.
403 1442 481 1508 Non
509 1441 577 1508 fert
603 1443 707 1524 ullum
735 1442 840 1508 ictum
868 1441 998 1508 inlaesa
1020 1440 1183 1525 felicitas;
1218 1447 1254 1505 at
1275 1441 1327 1508 cui

133 1581 160 1618 ιο
175 1548 314 1614 assidua
336 1548 402 1614 fuit
425 1573 499 1616 oum
522 1551 746 1618 incommodis
770 1553 839 1618 suis
862 1550 943 1634 rixa,
967 1549 1090 1616 cadlum
1108 1571 1169 1636 per
1188 1549 1327 1616 iniurias

175 1657 273 1722 duxit
300 1680 365 1724 nec
393 1659 454 1724 ulli
481 1661 569 1728 malo
599 1661 691 1726 cedit
719 1661 789 1746 sed,
824 1660 927 1726 etiam
950 1659 979 1724 si
1002 1658 1136 1744 cecidit,
1172 1659 1214 1724 dc
1236 1681 1328 1745 genu

174 1774 316 1853 pugnat.
364 1768 497 1834 Miraris
514 1776 561 1855 tu,
585 1771 614 1835 si
633 1770 717 1836 deus
733 1770 789 1836 ille
807 1770 974 1835 bonorum
986 1767 1245 1853 amantissimus,
1269 1767 1327 1853 qui
1345 1782 1361 1836 7

173 1874 252 1940 illos
265 1898 367 1961 quam
380 1879 526 1964 optimos
540 1903 614 1944 esse
628 1885 728 1964 atque
742 1877 1044 1944 excellentissimos
1056 1876 1138 1960 uult,
1156 1875 1327 1943 fortunam

173 1983 253 2068 illis,
273 2007 430 2070 numqua
448 1994 679 2070 exerceantur,
698 1987 878 2073 adsignat?
900 1987 976 2072 Ego
995 2008 1076 2052 uero
1090 2007 1159 2051 non
1170 1985 1281 2064 miror,
1299 1986 1327 2050 si

134 2124 160 2162 a
175 2091 360 2178 aliquando
372 2094 536 2182 impetum
550 2097 642 2183 capit
654 2095 831 2183 spectandi
842 2117 983 2181 magnos
996 2095 1087 2161 uiros
1100 2093 1327 2160 conluctantis

175 2223 253 2266 cum
272 2201 386 2288 aliqua
403 2202 605 2271 calamitate.
629 2205 737 2271 Nobis
754 2205 926 2270 interdum
943 2203 1111 2290 uoluptati
1123 2210 1185 2287 est,
1204 2203 1233 2268 si
1245 2202 1326 2268 adu·
1343 2218 1362 2272 8

174 2310 309 2376 lescens
333 2313 521 2378 constantis
543 2313 647 2379 animi
669 2315 854 2380 irruentem
871 2312 979 2378 feram
995 2311 1172 2382 uenabulo·
1183 2311 1326 2398 excepit,

176 2419 336 2485 sileonis
359 2419 531 2486 incursum
551 2420 726 2488 interritus
749 2423 898 2510 pertulit,
921 2427 1085 2508 tantoque
1107 2421 1173 2488 hoo
1194 2427 1327 2508 specta·

175 2527 290 2594 culum
313 2534 367 2594 est
388 2529 527 2617 gratius,
551 2538 678 2617 quanto
701 2531 738 2597 id
754 2531 931 2598 honestior
946 2531 1044 2598 fecit:
1067 2552 1138 2596 non
1155 2536 1234 2596 sunt
1250 2530 1325 2614 ista,

137 2664 163 2701 a
177 2659 264 2721 quae
293 2638 428 2724 possint
450 2638 591 2705 deorum
612 2641 648 2706 in
671 2664 707 2706 se
730 2641 861 2708 uultum
884 2647 1093 2725 conuertere,
1126 2637 1271 2725 puerilia
1293 2645 1328 2703 et

173 2745 344 2812 humanae
363 2748 619 2815 oblectamenta
639 2750 805 2833 leuitatis3
831 2772 910 2814 ecoe
934 2747 1164 2835 spectaculum
1177 2747 1326 2834 dignum,

175 2853 219 2919 ad
247 2854 341 2940 qued
368 2857 529 2942 respiciat
555 2857 707 2924 intentus
738 2859 832 2945 operi
863 2880 923 2924 suo
947 2858 1040 2940 deus,
1075 2879 1154 2922 eece
1177 2878 1239 2942 par
1261 2855 1326 2922 deo

175 2961 326 3049 dignum,
348 2963 401 3028 uir
421 2963 521 3030 fortis
544 2989 620 3032 eum
642 2967 780 3033 fortuna
801 2967 889 3034 mala
908 2965 1124 3052 compositus,
1147 2965 1265 3050 utique
1277 2963 1285 3049 1!
1298 2964 1327 3030 ai
1344 2977 1394 3032 fol.
1412 2978 1449 3032 3*-

177 3079 212 3135 et
233 3073 444 3157 prouocauit.
488 3074 566 3140 Non
593 3076 705 3160 uidae,
738 3077 884 3162 inquam,
919 3074 1001 3160 quid
1022 3072 1148 3140 habeat
1169 3072 1205 3138 in
1227 3071 1361 3148 terrica

134 3205 162 3243 aa
175 3178 332 3267 Iuppiter
354 3180 537 3269 pulchrius,
567 3185 596 3250 si
625 3187 685 3267 (eo)
709 3191 909 3251 conuertere
925 3183 1081 3250 ‘animum
1103 3181 1196 3266 uelit,
1225 3203 1327 3267 quam

923 3400 937 3428 ΙΙ

175 3439 194 3493 2
210 3445 257 3494 ab
273 3444 384 3494 matres
401 3439 453 3506 A⁵3
470 3439 617 3495 admatres
635 3441 671 3497 Αι
824 3441 841 3494 3
863 3441 946 3496 uolut
965 3437 1043 3507 (cerr.
1061 3455 1095 3494 m.
1115 3439 1142 3504 1)
1161 3439 1182 3498 Α

176 3529 275 3594 nuqua
293 3524 469 3580 contristari.
487 3529 586 3594 nuqua
604 3525 673 3582 flare
691 3527 726 3596 Α;
753 3547 781 3582 n.
799 3526 877 3592 flere,
896 3545 923 3580 n.
942 3523 1110 3580 contristari
1127 3540 1172 3593 up.

177 3610 193 3664 7
215 3608 396 3680 saginatam
423 3611 456 3664 de
478 3627 530 3679 pcto
552 3619 649 3666 neutro
671 3613 728 3667 uid.
752 3629 811 3666 mec
832 3611 907 3667 ΝΜ.
927 3611 986 3666 en't
1004 3613 1035 3664 in
1051 3609 1084 3666 L.
1104 3609 1137 3664 A.
1157 3609 1184 3663 S.
1203 3611 1327 3680 dictoque

177 3695 322 3760 (chm'oe
339 3697 456 3764 Imma
482 3698 524 3751 49.
663 3697 750 3753 daed
767 3705 856 3764 motu,
875 3696 926 3751 sed
944 3697 1007 3766 ipso
1025 3697 1138 3764 scrapta-
1165 3695 1324 3763 sedmomt

177 3787 207 3836 et
230 3781 294 3852 ipso
317 3781 346 3850 Α,
373 3797 454 3838 erasa
477 3783 509 3838 in
531 3783 587 3848 fiae
609 3799 707 3838 aerem
728 3783 823 3839 littera
845 3789 877 3837 ut
901 3782 957 3837 uid.
979 3783 1007 3851 ξς
1034 3781 1067 3834 de
1084 3780 1136 3836 leci
1154 3780 1327 3836 nuncnune

176 3867 231 3921 uid.
251 3866 357 3922 Acten
374 3868 391 3924 l.
409 3869 426 3922 l.
441 3885 471 3936 p.
486 3869 538 3924 180
553 3885 627 3938 sqq.‚·
644 3869 677 3924 de
695 3868 747 3924 sed
764 3869 808 3933 (in
824 3869 947 3934 climace)
964 3869 1064 3922 iterato
1080 3868 1133 3933 esr-
1152 3864 1212 3920 Seu.
1231 3867 1264 3920 de
1281 3867 1327 3920 irc

176 3952 554 4022 111‚19,5;2a‚o;00m.
575 3955 830 4022 chcrc.2t’.6,·
850 3953 922 4022 epist
946 3953 989 4017 71,
1007 3953 1056 4020 a⁷;
1076 3952 1137 4006 Tac.
1156 3967 1221 4007 aaa.
1240 3951 1266 4020 Ι,
1284 3953 1325 4006 38.

262 4039 279 4092 9
297 4038 391 4094 inlesa
407 4037 506 4094 salitas
524 4039 553 4104 A,
571 4055 640 4094 cerr⁴
660 4056 704 4108 ay.
790 4045 822 4094 at
840 4039 886 4094 cui
904 4038 1010 4105 Haase,
1028 4039 1080 4104 cfr.
1091 4035 1168 4092 Saea.
1188 4037 1241 4092 crit
1265 4037 1325 4105 ιι,

177 4131 209 4178 at
225 4124 277 4180 ubi
295 4124 318 4181 Α
388 4125 420 4180 15
430 4125 509 4196 capit
525 4127 638 4195 serpen
657 4124 814 4196 capiuntd¹
832 4111 904 4194 quod
916 4132 1031 4193 propter
1047 4129 1200 4193 sequentem
1213 4136 1323 4190 comp·

177 4211 258 4264 ulom
284 4209 443 4282 (spectant)
470 4217 561 4266 ortum
578 4227 636 4267 esse
653 4211 774 4280 uidetur5
800 4213 883 4266 multi
900 4211 1024 4266 editores.
1051 4217 1083 4265 ut
1095 4209 1233 4277 pluralem
1252 4223 1324 4262 nam.

176 4301 330 4362 emunt,
355 4295 470 4351 subiecti
493 4296 551 4351 loeo
579 4297 608 4351 di
634 4295 709 4350 alius
734 4295 788 4350 olio
814 4297 872 4350 loco
896 4297 1016 4351 {merere
1042 4296 1205 4350 maluerant.

177 4379 331 4450 spectandi
347 4379 517 4448 Pencianum
535 4387 670 4451 spectant
688 4380 727 4436 dii
746 4381 766 4438 A
856 4383 886 4436 16
904 4381 1075 4438 adulescens
1089 4379 1139 4446 ΑΙ,
1158 4377 1325 4435 adolescens

177 4464 213 4520 Α*
242 4465 295 4530 (ac'c
319 4463 402 4519 taius
428 4481 527 4521 manue
555 4467 730 4522 correctiones
757 4465 854 4520 litteus
872 4467 1010 4522 inclinatis
1025 4468 1182 4534 ploransque
1199 4464 1323 4532 aiente,

177 4550 210 4606 Αι
231 4550 383 4620 casparo
407 4553 439 4604 in
464 4557 541 4606 textu
563 4553 625 4620 ipso
649 4555 758 4620 ponae)
878 4551 913 4606 23
930 4551 1059 4620 epositus
1078 4551 1128 4618 A¹;
1155 4551 1186 4606 s'n
1201 4567 1254 4620 my.
1272 4551 1324 4608 A':

178 4634 329 4706 composit’
347 4635 374 4690 ‚i.
393 4653 567 4706 corrgressus
653 4639 686 4692 25
704 4655 739 4693 eo
758 4639 820 4692 add.
840 4633 968 4704 Gamerae,
986 4637 1042 4692 uid.
1060 4637 1164 4694 Auden
1178 4653 1209 4705 p.
1229 4637 1282 4692 182

1482 415 1493 450 t
