3176 5248
436 390 479 435 io
501 385 643 435 nisum
665 387 706 434 on
728 385 965 452 consociemus,
988 388 1008 434 1.
1233 365 1294 436 163

143 555 348 643 Fudistique
375 556 531 622 lacrimas
558 556 685 643 palam,
720 563 755 622 et
782 557 928 642 gemitus
951 557 1124 624 deuorasti
1146 559 1328 646 quidem,3

142 687 213 732 non
236 673 352 732 tamen
373 663 473 732 hilari
493 663 607 732 fronte
629 665 760 749 texisti,
794 672 829 730 et
850 664 936 732 haec
957 666 1015 733 illo
1038 667 1191 752 soeculo,
1226 691 1292 754 quo

142 797 270 862 magna
298 775 409 862 pietas
438 781 513 841 erat
543 773 629 840 nihil
660 774 763 860 impie
796 773 927 858 fecere;
960 783 999 842 ut
1031 797 1113 842 uero
1147 775 1294 863 aliquam

143 885 361 951 occasionem
383 885 527 950 mutatio
551 889 740 970 temporum
762 882 870 966 dedit,
904 883 1079 970 ingenium
1105 885 1211 972 patris
1234 887 1293 971 tui,

118 993 187 1064 ede
212 1015 280 1080 quo
305 999 477 1078 sumptum
506 999 581 1058 erat
608 991 824 1079 supplicium,
852 991 888 1057 in
916 1014 1013 1057 usum
1040 991 1215 1060 hominum
1241 1016 1293 1060 re-

144 1101 274 1168 duxisti
292 1108 338 1202 ,et
366 1123 387 1166 a
413 1121 495 1166 uera
522 1100 619 1166 illum
646 1100 826 1166 uindiccsti
853 1107 962 1166 morte
991 1123 1031 1166 ao
1059 1103 1238 1170 restituisti
1258 1104 1295 1169 in

143 1212 286 1300 publica
312 1215 534 1276 monumenta
559 1208 680 1294 libros,
714 1232 799 1295 quos
827 1209 880 1274 uir
906 1208 964 1274 ille
992 1207 1195 1278 fortissimus
1218 1235 1295 1279 san·

143 1322 251 1407 gnine
275 1341 336 1386 suo
356 1318 547 1405 scripserat.
593 1318 729 1405 Optime
745 1317 899 1383 meruisti
917 1317 960 1383 de
977 1318 1140 1388 Romanis
1157 1320 1294 1388 studiis:

143 1451 272 1517 magna
295 1428 431 1494 illorum
453 1449 531 1513 pars
555 1433 700 1510 arserat3
735 1427 863 1514 optime
887 1427 929 1492 de
952 1429 1114 1515 posteris,
1145 1429 1189 1495 ad
1211 1451 1296 1516 quos

108 1573 132 1610 a
144 1538 267 1604 ueniet
287 1537 486 1623 incorrupte
507 1557 620 1600 rerum
641 1535 726 1602 fides
745 1534 875 1602 auctori
893 1558 954 1602 suo
971 1558 1096 1624 magno
1114 1538 1295 1625 imputato3

146 1647 277 1734 optime
300 1644 342 1710 de
365 1644 449 1731 ipso,
473 1643 568 1710 cuius
589 1645 685 1731 uiget
706 1645 905 1730 uigebitque
926 1647 1097 1732 memoria,
1120 1669 1222 1732 quam
1239 1647 1297 1712 diu

145 1755 184 1820 in
205 1755 315 1842 pretio
338 1751 443 1818 fuerit
464 1753 620 1819 Romana
637 1753 807 1838 cognosci,
831 1775 932 1838 quam
949 1753 1008 1819 diu
1026 1754 1203 1840 quisquam
1222 1756 1296 1842 erit,

146 1865 206 1949 qui
238 1861 367 1928 reuerti
398 1861 485 1928 uelit
513 1861 558 1928 ad
587 1868 664 1927 eota
691 1861 864 1946 maiorum
898 1884 999 1947 quem
1021 1862 1080 1928 diu
1109 1863 1296 1950 quisquam,

148 1972 207 2057 qui
234 1971 321 2038 uelit
350 1970 451 2055 coire,
484 1969 567 2056 quid
588 1969 633 2036 sit
655 1969 708 2035 uir
729 1971 921 2054 Romanus,
956 1970 1037 2058 quid
1059 1971 1208 2038 subactis
1230 1971 1298 2038 iam

112 2115 136 2154 η
149 2081 339 2146 ceruicibus
368 2078 518 2144 omnium
546 2077 647 2145 etad
670 2077 887 2145 Seianianum
907 2079 1025 2166 iugum
1047 2079 1178 2146 adactis
1199 2080 1296 2147 indo·

148 2189 261 2272 mitus,
285 2187 366 2273 quid
384 2187 430 2254 sit
445 2186 547 2254 homo
564 2187 712 2274 ingenio,
730 2187 852 2272 animo,
875 2209 978 2255 manu
993 2189 1090 2256 liber.
1134 2190 1297 2276 Magnum
1313 2213 1332 2266 4

149 2319 202 2364 me
225 2295 382 2362 hercules
405 2295 647 2362 detrimentum
667 2317 722 2362 res
744 2295 883 2382 publica
905 2303 1058 2384 ceperat,
1086 2297 1115 2363 si
1136 2298 1229 2364 illum
1252 2299 1296 2364 ob

151 2406 235 2473 duas
267 2428 322 2472 res
350 2402 595 2492 pulcherrimus
622 2405 659 2470 in
687 2404 894 2472 obliuionem
922 2406 1107 2491 coiectum,
1137 2407 1297 2493 eloquen-

151 2517 234 2582 tiam
257 2522 292 2580 et
312 2513 517 2600 libertatem,
547 2535 618 2580 uon
640 2513 800 2580 eruisses:
828 2515 962 2602 legitur,
985 2514 1091 2600 floret,
1121 2515 1157 2580 in
1178 2538 1298 2582 manus

114 2659 138 2698 a
151 2622 334 2706 hominum,
355 2621 392 2688 in
413 2629 555 2709 pectora
576 2627 734 2709 receptus
757 2629 963 2690 uetustatem
983 2624 1111 2690 nullam
1127 2625 1239 2710 timet3
1263 2633 1299 2692 at

151 2733 285 2798 illorum
312 2730 508 2798 carnificum
536 2731 603 2797 cito
631 2731 762 2798 scelera
790 2753 940 2818 quoque,
973 2733 1095 2818 quibus
1123 2731 1204 2798 solis
1227 2756 1296 2798 me-

152 2841 292 2908 moriam
324 2845 529 2927 meruerunt,
563 2841 777 2908 tacebuntur.
831 2842 929 2908 Haec
961 2841 1161 2926 magnitudo
1194 2841 1332 2920 animis

153 3070 168 3125 1
193 3067 508 3139 fudistiq3...qnidem
539 3067 562 3125 Δ
591 3070 752 3136 rectissime,
787 3085 837 3124 nec
866 3071 933 3125 hoec
956 3069 1117 3126 comensis
1142 3069 1299 3138 temptando

152 3161 242 3222 crant,
262 3171 347 3224 mcccc
364 3155 435 3210 cuim
452 3156 525 3210 inter
539 3171 566 3210 sc
579 3162 716 3224 mcor,
735 3156 806 3224 qaod
815 3154 927 3210 Marcio
939 3154 1069 3210 luerim
1080 3155 1175 3224 palam
1187 3153 1300 3221 fudisse

151 3247 177 3296 et
197 3239 316 3310 ponitus
333 3239 477 3296 deumossc
494 3239 602 3308 dicitur,
629 3257 690 3295 urm
706 3240 777 3296 illud
793 3242 876 3296 soluo
893 3241 1028 3311 &coitate
1045 3247 1071 3296 ct
1087 3241 1175 3295 animi
1190 3242 1296 3308 moeni·

152 3325 244 3382 tudine
269 3326 363 3392 [acere
384 3331 492 3394 posset,
518 3326 549 3378 io
573 3327 692 3394 conitor
713 3343 778 3381 uero
802 3334 828 3380 ct
847 3326 984 3382 heiulans
1007 3342 1145 3394 mowers
1168 3333 1194 3382 et
1214 3327 1299 3381 nimio

151 3411 237 3466 &atui
264 3427 293 3466 cc
318 3410 386 3464 darc
411 3411 493 3466 tolon
517 3410 651 3477 feminam
676 3425 732 3466 non
757 3411 874 3480 decenn
902 3428 986 3480 errore
1010 3411 1061 3467 tor
1078 3418 1192 3480 propter
1212 3410 1299 3466 animi

150 3495 373 3566 mmmm
391 3511 449 3550 non
466 3498 499 3551 oo
515 3502 622 3564 mmm,
639 3495 729 3562 socero
745 3497 840 3552 noluit.
942 3499 960 3552 2
977 3497 1094 3554 frontes
1119 3497 1200 3566 (erae
1218 3498 1259 3564 m)
1278 3496 1300 3554 11

243 3582 299 3653 hec
317 3578 372 3650 uu
390 3580 446 3636 hoc
462 3597 508 3651 uc.
611 3584 629 3636 4
646 3581 770 3638 mutatio
788 3589 953 3652 temporum
970 3599 1015 3654 up.
1032 3585 1098 3638 iude
1116 3585 1150 3638 ab
1168 3583 1299 3650 Erosium

152 3673 264 3723 mutato
282 3673 413 3736 tempore
431 3664 485 3736 A&
503 3667 627 3723 mutatio
645 3667 784 3738 temporis
800 3667 912 3725 Fickert
928 3685 961 3724 cc
977 3685 1060 3725 nonu
1079 3665 1101 3726 1)
1119 3669 1213 3738 (ctiam
1231 3685 1299 3724 corr.

151 3753 181 3807 io
197 3769 249 3822 my.
259 3750 303 3822 F);
321 3754 352 3807 in
369 3753 517 3822 ardutypo
535 3753 659 3808 mutatio
677 3760 795 3824 tempou
811 3754 902 3820 fuisse
916 3756 1080 3822 macron.
1148 3755 1165 3808 5
1183 3753 1299 3809 inunum

151 3835 204 3906 Α1·’;
231 3837 262 3893 in
279 3837 376 3892 uisum
394 3853 477 3894 nono.
496 3835 518 3896 D
535 3845 563 3894 et
578 3839 637 3894 cdd.
656 3839 767 3909 antiqq,
795 3840 867 3910 prod
883 3837 999 3894 Fickert
1015 3845 1041 3893 et
1057 3839 1155 3894 Haase
1170 3840 1240 3894 mole
1256 3855 1298 3893 rc·

150 3930 293 3980 morunt.
395 3925 413 3977 6
430 3941 465 3976 ac
482 3924 513 3978 in
529 3923 585 3990 fiete
602 3941 699 3979 uerae
715 3925 780 3980 odd.
798 3925 844 3994 A‘,
862 3925 946 3980 simul
962 3927 1052 3980 occis
1069 3925 1177 3980 ductus
1194 3923 1299 3992 litteris

151 4027 220 4079 quoe
242 4010 323 4065 initio
346 4025 399 4077 seq.
418 4023 518 4063 cerm
535 4025 595 4063 cum
612 4008 770 4066 restituisti
788 4013 948 4066 coniunctae
963 4011 1085 4078 suerunt,
1111 4013 1170 4066 uae
1188 4027 1223 4064 ac
1240 4009 1300 4065 siue

151 4095 245 4152 &hae
263 4096 386 4162 fuerunt.
490 4095 507 4148 9
525 4102 639 4150 arserat
656 4094 677 4151 Α
696 4111 729 4150 aa
742 4097 906 4165 pentateuco
925 4093 1042 4151 Senecae
1058 4111 1111 4150 am
1123 4110 1178 4165 pro
1197 4111 1227 4149 eo
1244 4111 1299 4164 uc.

151 4181 272 4236 arsisset
290 4181 359 4247 (scil.
378 4179 435 4235 nisi
452 4185 486 4234 tu
503 4179 594 4235 libros
612 4180 675 4236 eius
694 4181 769 4236 clam
787 4180 963 4248 seruasses);
982 4179 1060 4236 actus
1077 4195 1146 4236 usuc
1162 4183 1301 4235 immernor

152 4265 321 4322 Cornelissen
344 4281 450 4336 magna
467 4265 585 4320 illorum
602 4282 671 4336 pars
689 4273 753 4323 orat
770 4267 853 4323 scribi
870 4266 966 4321 uoluit.
1070 4265 1178 4335 optime
1202 4267 1251 4336 (op
1269 4266 1300 4321 in

150 4368 206 4408 roo.
224 4369 260 4407 m.
278 4351 307 4419 1)
333 4351 355 4409 11
459 4352 492 4406 12
518 4349 612 4421 imptio
635 4351 657 4408 Α
762 4352 793 4406 17
819 4369 867 4407 res
892 4356 926 4422 p.
952 4351 1135 4421 cooperati,
1162 4367 1231 4407 corr.
1255 4368 1299 4421 oy.

151 4437 249 4509 (ceput
267 4434 294 4505 F,
313 4437 384 4506 qaod
400 4445 426 4493 ct
444 4443 581 4508 coeperat
599 4442 625 4492 ct
642 4443 760 4507 ceperat
776 4437 934 4507 aptificare
948 4436 1050 4505 potest)
1151 4439 1184 4492 18
1200 4455 1247 4493 res
1266 4437 1300 4506 Ας

150 4521 399 4592 parasceuen,
425 4524 497 4578 unde
514 4529 593 4578 artes
610 4523 669 4577 edet
689 4522 794 4578 Mureti
810 4530 836 4578 et
851 4522 950 4590 Dipaia.
1073 4523 1106 4577 19
1131 4522 1217 4579 floret
1234 4520 1252 4580 F
1270 4529 1302 4579 ur

151 4643 209 4696 affl
226 4623 351 4694 floreis
452 4627 488 4682 20
504 4609 663 4683 homiiint
747 4627 782 4680 22
800 4627 976 4682 tacebuntur
992 4622 1111 4683 nonai)
1129 4633 1160 4681 ut
1175 4642 1220 4696 op.
1235 4633 1303 4695 post

150 4711 329 4780 Pinciomon3
347 4711 524 4768 tacebnntA

1046 4801 1095 4856 ll*
