3182 5252
231 325 297 392 280
435 371 438 378 ι
461 351 488 389 n.
512 350 631 392 auram
652 351 789 393 amnone
810 349 1011 394 uuuoeoavrr
1032 351 1093 393 ma.
1116 352 1160 394 rx.

232 536 333 601 quarn
353 514 444 582 ferre
466 521 594 600 posset,
618 516 702 582 alius
724 513 895 582 infirmum
919 537 1041 602 corpus
1057 513 1230 581 laborioso
1249 535 1384 601 oppres·

195 621 276 690 asie
298 621 421 690 officio.
469 624 783 692 *Considerandum
806 633 868 710 est,
891 632 1005 692 unum
1025 631 1148 692 natura
1164 629 1225 690 tua
1243 623 1385 711 agendis

228 733 331 798 rebus
354 755 397 798 an
420 732 532 800 otioso
555 733 667 800 studio
691 734 1041 822 contemplationique
1064 734 1177 819 aptior
1197 733 1252 818 sit,
1283 739 1319 799 et
1341 756 1383 799 eo

229 839 471 926 inclinandum,
493 864 560 927 quo
583 849 619 908 te
641 844 693 908 uis
715 843 845 930 ingenii
866 842 965 928 feret,
988 843 1050 924 (ut)
1073 841 1244 908 Isocrates
1266 839 1383 928 Epho-

228 971 303 1014 rum
331 949 459 1014 im‘eota
485 973 588 1016 mauu
616 973 636 1017 a
663 950 738 1017 foro
762 952 924 1018 subduxit
945 950 1116 1018 utiliorem
1137 949 1412 1036 componendisa

228 1057 457 1124 monumentis
486 1057 705 1126 historiarum
725 1067 836 1144 ratus;
870 1059 958 1126 male
982 1060 1072 1126 enim
1092 1057 1303 1144 respondent
1325 1081 1383 1124 oo·

229 1173 306 1232 eota
339 1163 492 1252 ingenia,
525 1167 716 1234 reluctante
744 1174 867 1234 natura
894 1169 1018 1234 inritus
1039 1167 1139 1233 labor
1161 1166 1244 1233 est*
1289 1166 1381 1244 Quo·

228 1273 373 1340 rundem
394 1295 515 1361 parum
534 1274 661 1342 idonea
684 1283 737 1343 est
759 1277 965 1344 uerecundia
982 1277 1085 1342 rebus
1104 1274 1270 1360 ciuilibus,
1294 1297 1382 1360 quae

227 1381 359 1463 firmam
390 1380 539 1448 frontem
572 1383 783 1470 desiderant,
818 1385 1030 1472 quorundam
1064 1383 1279 1475 oontumaoia
1310 1405 1383 1450 uon

227 1488 313 1558 facit
341 1487 384 1556 ad
412 1491 537 1578 aulam,
571 1492 710 1578 quidam
736 1515 806 1560 non
833 1493 964 1560 habent
986 1494 1070 1558 iram
1091 1493 1128 1558 iu
1150 1499 1323 1577 potestate
1346 1499 1383 1558 et
1396 1517 1426 1556 ιο

227 1597 303 1665 illos
332 1599 376 1666 ad
405 1602 585 1666 temeraria
612 1602 718 1666 uerba
747 1601 921 1686 quaelibet
948 1597 1139 1688 indignatio
1163 1599 1273 1686 effera
1308 1600 1381 1687 qui-

229 1707 307 1774 dam
337 1708 566 1775 urbanitatem
586 1710 744 1776 nesciunt
767 1712 943 1778 ooutinere
963 1731 1029 1776 neo
1051 1709 1252 1796 periculosis
1275 1710 1380 1797 apsti-

227 1823 312 1882 nent
334 1817 476 1883 salibus:
509 1817 667 1884 omnibus
689 1818 742 1884 his
764 1819 880 1885 utilior
901 1819 1042 1905 negotio
1066 1817 1162 1904 quies
1185 1825 1253 1902 est;
1283 1817 1381 1884 ferox

227 1925 466 2012 inpatiensque
488 1933 611 1992 natura
631 1927 851 1992 imitamenta
871 1929 1049 1994 nooiturae
1070 1926 1239 1992 libertatis
1262 1926 1379 1992 enitet

192 2049 210 2102 4
312 2033 537 2102 Aestimanda
571 2041 650 2100 sunt
684 2034 809 2100 deinde
836 2035 926 2121 ipsa,
960 2057 1047 2120 quae
1078 2034 1311 2120 adgredimur,
1345 2043 1380 2099 et
1396 2059 1425 2098 u

226 2143 316 2208 uires
345 2151 484 2208 nostrae
508 2165 585 2208 oum
606 2143 719 2218 rebus,
753 2166 838 2228 quas
860 2144 1061 2236 temptaturi
1083 2165 1208 2226 sumus,
1243 2165 1380 2229 eompa-

227 2249 369 2334 randae;
404 2251 510 2317 debet
543 2251 632 2316 enim
665 2273 799 2336 semper
831 2251 907 2338 plus
942 2273 1017 2318 esse
1050 2251 1172 2318 uirium
1201 2252 1236 2316 iu
1264 2258 1380 2318 actore

229 2380 330 2442 quam
352 2357 389 2423 in
412 2381 528 2440 opere:
551 2381 693 2424 necesse
717 2367 771 2425 est
792 2360 987 2447 opprimant
1006 2381 1119 2443 onera,
1143 2382 1229 2444 quae
1246 2357 1379 2426 ferente

192 2465 355 2534 bmaiora
387 2473 475 2533 sunt.
532 2465 708 2543 Quaedam
740 2475 921 2554 praeterea
952 2491 1023 2534 non
1052 2475 1119 2534 tam
1147 2490 1273 2553 magua
1303 2476 1381 2533 sunt

228 2777 243 2828 1
261 2793 347 2845 quam
364 2773 441 2832 ferre
459 2773 494 2842 A;
522 2792 609 2844 qnam
627 2774 705 2844 quod
721 2773 799 2830 ferre
825 2773 991 2844 Wesenberp,
1016 2777 1064 2830 sed
1081 2777 1136 2830 uid.
1156 2773 1253 2832 Adnot.
1272 2792 1331 2831 areo
1350 2776 1380 2830 ia

227 2860 270 2913 lit.
289 2861 322 2914 de
339 2859 425 2926 benet
444 2861 496 2920 IV,
515 2862 559 2926 34,
579 2862 604 2925 4,
619 2877 647 2929 p.
666 2861 724 2914 227
742 2875 780 2930 sq.
885 2860 1032 2930 oppressit
1049 2876 1107 2930 aa,
1130 2859 1239 2929 pressit
1256 2861 1278 2917 A

226 2946 243 2998 2
274 2943 361 3000 Uerta
379 2945 599 3002 Considerandfi
625 2945 840 3001 est...inritus
867 2947 951 3000 labor
978 2951 1024 3000 est
1048 2945 1101 3000 Aac
1126 2948 1295 3014 transposui,
1322 2947 1378 3000 uid

228 3028 304 3085 Sued.
324 3031 381 3086 orit.
403 3048 432 3099 ρ.
451 3034 517 3101 140,·
544 3032 575 3086 in
593 3031 615 3087 A
632 3031 712 3098 infre
733 3033 860 3101 loquatur
882 3038 945 3086 ante
968 3033 1063 3099 esp?
1084 3038 1146 3086 sect
1164 3033 1183 3085 3
1204 3035 1276 3086 inter
1298 3033 1380 3086 uate

226 3114 334 3184 popina
357 3125 471 3172 secreta
493 3125 519 3172 et
536 3117 634 3172 Niohil
652 3123 751 3171 tamen
769 3135 819 3188 eq3
847 3115 1047 3183 obleetauerit,
1072 3131 1187 3184 proram
1205 3118 1298 3172 alieno
1315 3119 1378 3183 leco,

225 3207 257 3254 at
279 3200 336 3254 iam
354 3201 468 3270 Lipsius
492 3212 518 3258 et
534 3203 632 3258 Haase
654 3203 862 3270 intellexeram
889 3202 962 3271 quod
983 3203 1180 3271 quodammodo
1197 3205 1254 3256 iem
1271 3203 1302 3257 iu
1319 3204 1378 3270 ipso

226 3287 283 3340 cod.
303 3285 324 3341 A
341 3303 372 3342 eo
390 3289 574 3355 rimamarum
592 3294 639 3356 eat,
667 3287 739 3357 quod
755 3289 790 3342 ab
806 3289 851 3342 his
867 3288 960 3342 uerbis
979 3291 1070 3357 sperio
1088 3288 1231 3356 aliquanto
1249 3291 1284 3344 ab
1302 3297 1377 3342 aare·

225 3372 378 3426 austras
401 3373 503 3428 diuisis
519 3389 596 3428 aeuo
614 3377 696 3442 quari
712 3375 795 3429 rectio
812 3374 917 3442 incipit.
961 3373 1070 3429 scilieet
1087 3373 1230 3444 areoetypi
1246 3375 1377 3430 librerias

226 3475 257 3512 ea
281 3473 330 3512 suo
353 3458 412 3513 loco
436 3461 571 3526 omiserat,
598 3459 696 3514 deinde
718 3459 757 3514 od
779 3461 878 3515 oubam
897 3461 1021 3529 popinae
1043 3461 1226 3528 suppleuerat,
1253 3461 1325 3514 ande
1347 3477 1376 3514 eo

223 3543 401 3613 irrepserant,
419 3543 466 3598 uti
484 3559 557 3598 auae
573 3545 603 3598 ia
621 3545 724 3599 metria
742 3545 817 3600 codd.
837 3552 907 3600 aar.
966 3547 1034 3600 lut
1053 3546 1164 3614 addida
1182 3561 1248 3599 uam
1266 3561 1377 3614 sequens

225 3631 357 3685 senuaar
380 3629 456 3684 male
480 3628 558 3684 enim
580 3629 758 3700 respondent
776 3630 827 3685 do.
846 3631 884 3686 od
907 3631 957 3686 illu
974 3633 1108 3697 refertur:
1134 3631 1376 3687 considerandum

224 3720 270 3770 est
285 3757 290 3769 .
305 3757 311 3769 .
326 3714 436 3783 ingenii
465 3713 554 3782 feret,
590 3731 645 3769 noa
671 3717 709 3770 ud
735 3717 884 3784 cumptum
909 3716 1109 3784 interposuere.
1230 3717 1375 3772 Isocrates

224 3799 374 3870 Ephorum
400 3798 509 3856 iniecta
535 3817 624 3855 manu
649 3817 706 3868 rap-3
733 3801 869 3857 Socrates
896 3801 1008 3872 {sephor
1034 3801 1112 3856 lecte
1138 3819 1226 3856 manu
1253 3802 1275 3858 A

223 3885 371 3941 9firmam
388 3903 431 3954 ay.
450 3887 513 3940 inde
531 3888 565 3940 ab
583 3885 718 3954 Eroamo;
737 3885 832 3957 prima
849 3886 871 3943 A
889 3888 935 3956 (aa
950 3903 976 3956 p.
996 3889 1059 3954 277,
1078 3885 1144 3954 133³)
1240 3889 1273 3943 11
1292 3887 1375 3945 effert

223 3987 279 4039 “rt
298 3969 423 4027 offertA
529 3974 561 4026 12
578 3972 725 4028 abstinent
742 3971 779 4028 A¹
799 3972 829 4038 (b
848 3989 882 4027 aa
899 3989 917 4042 p
936 3973 1016 4039 corr.)
1121 3975 1154 4028 14
1172 3989 1209 4042 sq.
1228 3973 1374 4029 libertatis

223 4057 322 4113 enitet.
365 4056 558 4114 Aestimanda
584 4076 641 4128 πρ,
677 4057 824 4114 libertatis
855 4058 917 4125 (aad
942 4079 955 4112 s
980 4067 1078 4130 postea
1103 4059 1228 4115 addition
1253 4058 1374 4124 uidetur)

224 4142 352 4200 senta
376 4142 541 4213 estimanda
563 4143 585 4200 A
689 4145 722 4198 15
749 4143 935 4214 adgredimur
961 4143 997 4214 A;
1022 4145 1089 4212 sort.
1115 4145 1321 4215 adgrediemur
1345 4151 1376 4198 ret

221 4246 248 4298 p.
265 4229 327 4296 279,
351 4231 385 4284 18
405 4237 519 4297 propter
540 4247 652 4300 sepum
668 4230 803 4297 saturum.
910 4231 941 4284 17
968 4229 998 4286 in
1017 4237 1116 4286 autore
1135 4249 1221 4302 quam
1239 4229 1374 4300 inopere

221 4317 331 4382 scripsi,
354 4315 411 4370 uid.
429 4313 505 4372 saa
526 4317 584 4372 eru
600 4333 629 4384 p.
648 4319 712 4382 141;
740 4315 956 4386 inaotore.qua
974 4316 1094 4374 inenere
1111 4315 1134 4374 A
1151 4317 1219 4384 (noa
1236 4316 1328 4384 inore,
1344 4321 1376 4370 ut

222 4398 301 4454 Koch
324 4399 417 4467 dicim
445 4399 475 4456 in
499 4401 593 4458 latore
612 4419 699 4471 quam
717 4401 747 4456 iu
766 4419 853 4456 onero
871 4402 1030 4470 Pincianus,
1058 4403 1129 4471 prod
1142 4402 1274 4470 probauit
1290 4401 1373 4468 Kosa

222 4486 270 4540 aad
290 4485 367 4542 lator
390 4485 553 4552 nisidoro,
580 4486 627 4555 qai
645 4488 727 4555 leuem
742 4488 807 4554 sert,
835 4503 888 4542 non
905 4488 1019 4556 divitum
1047 4486 1079 4542 in
1102 4494 1221 4544 uectore
1239 4505 1327 4558 quam
1344 4487 1374 4542 in

222 4587 309 4626 onere
327 4571 523 4642 Doleeomps'ue
542 4579 568 4630 et
585 4571 750 4639 Gronovius,
768 4573 840 4640 quod
857 4573 1056 4632 commendauit
1072 4571 1192 4629 Gaude.
1264 4575 1296 4630 19
1313 4581 1374 4628 tam

221 4670 277 4724 ης
295 4655 354 4712 iam
372 4655 393 4716 A
