3176 5248
653 1294 687 1368 L.
710 1294 871 1368 ANNAEI
894 1293 1077 1368 SENECAE

440 1451 912 1539 DIALOGORVM
957 1453 1167 1540 LIBER
1212 1455 1289 1538 VI.

740 1656 794 1710 AD
811 1654 997 1712 MAROIAM

709 1775 750 1830 ot
768 1773 1023 1832 consolandus.

263 2076 277 2127 1
379 2067 407 2134 I.
429 2067 438 2152 ll
458 2022 567 2134 Nisi
590 2075 635 2152 te,
657 2067 796 2154 Marcia,
819 2069 942 2136 scirem
962 2075 1034 2134 tam
1055 2066 1159 2154 longe
1182 2066 1225 2132 ab
1243 2065 1436 2132 infimitate

156 2157 207 2214 fol,
221 2158 280 2214 39¹·
291 2178 465 2246 muliebris
494 2181 597 2246 animi
626 2203 727 2266 quam
755 2201 775 2246 a
803 2181 925 2246 ceteris
952 2179 1045 2246 uitiis
1066 2178 1249 2245 recessisse
1272 2183 1307 2244 et
1328 2199 1436 2244 mores

292 2294 370 2354 tuos
392 2289 488 2356 uelut
511 2287 649 2375 aliquod
672 2289 1037 2376 antiquumexemplar
1055 2288 1171 2374 aspici,
1192 2307 1263 2353 non
1280 2286 1438 2352 auderem

293 2395 429 2462 obuiam
450 2397 499 2462 ire
523 2396 632 2463 dolon'
654 2404 724 2484 tue,
754 2398 808 2463 cui
829 2398 894 2463 uin·
916 2420 1051 2484 quoque
1072 2396 1220 2462 libenter
1240 2395 1384 2461 haerent
1405 2401 1439 2460 et

292 2505 466 2591 incubant,
487 2527 551 2571 nec
575 2527 670 2592 spem
693 2507 925 2592 concepissem
947 2511 1018 2573 tam
1038 2505 1155 2592 iniquo
1177 2511 1342 2590 tempore,
1370 2510 1461 2574 tama

292 2613 429 2680 inimico
451 2613 573 2699 iudice,
596 2619 666 2680 tam
688 2614 857 2682 inuidioso
882 2615 1021 2682 crimine
1043 2636 1144 2702 posse
1161 2636 1215 2680 me
1233 2610 1380 2697 efficere,
1402 2619 1439 2676 ut

291 2720 464 2788 fortunam
490 2728 586 2788 tuam
613 2722 819 2789 absolueres.
874 2723 1052 2790 Fiduciam
1078 2721 1162 2788 mihi
1195 2721 1291 2788 dedit
1325 2719 1438 2807 explo-

291 2837 404 2896 ratum
429 2831 498 2897 iam
523 2831 629 2898 robur
658 2831 761 2898 animi
790 2837 825 2898 et
847 2854 972 2920 magno
996 2831 1227 2920 experimento
1251 2829 1439 2917 adprobata

257 2947 275 3000 2
292 2939 400 3005 uirtus
422 2945 492 3006 tua.
536 2940 615 3007 Non
637 2947 689 3007 est
709 2941 875 3028 ignotum²
898 2939 1035 3027 qualem
1055 2947 1091 3006 te
1112 2939 1150 3005 in
1171 2959 1318 3026 persona
1333 2938 1438 3024 patn's

292 3048 345 3113 tui
366 3048 528 3135 gesseris,
562 3071 663 3136 quem
684 3071 755 3115 non
776 3049 887 3114 minus
910 3071 1011 3135 quam
1033 3048 1161 3114 liberos
1185 3047 1349 3131 dilexisti,
1383 3070 1437 3112 ex·
1450 3083 1471 3118 ι,

292 3163 393 3242 cepto
423 3179 464 3224 eo
492 3157 585 3244 quod
611 3180 682 3223 non
709 3158 853 3245 optabas
882 3157 1113 3244 superstitem3
1145 3178 1211 3222 nec
1238 3155 1308 3222 scio
1338 3177 1381 3221 an
1405 3161 1439 3220 et

293 3266 478 3350 optaueris:
517 3266 685 3352 permittit
726 3266 816 3332 enim
855 3266 921 3332 sibi
961 3265 1128 3352 quaedam
1161 3270 1281 3331 contra
1311 3265 1438 3330 bonum

290 3394 420 3439 morem
441 3396 566 3460 magna
587 3375 708 3461 pietas.
752 3375 900 3441 Mortem
921 3375 964 3441 A.
990 3373 1142 3440 Cremuti
1164 3373 1268 3439 Cordi
1288 3373 1438 3460 parentis

291 3481 351 3564 tui,
375 3489 538 3566 quantum
559 3489 707 3568 poteras,
729 3481 922 3567 inhibuisti;
956 3488 1036 3569 post
1064 3469 1165 3569 quain
1192 3481 1255 3546 tibi
1283 3481 1439 3569 apparuit

290 3589 380 3654 inter
412 3588 609 3656 Seianianos
649 3591 815 3657 satellites
851 3591 944 3657 illam
981 3613 1083 3656 unam
1116 3597 1233 3677 patere
1267 3591 1439 3656 seruitutis
1451 3623 1472 3661 o

290 3695 418 3785 fugam,
451 3722 521 3766 non
543 3697 660 3766 fauisti
682 3699 823 3766 consilio
848 3701 929 3785 eius,
964 3699 1026 3766 sed
1049 3699 1176 3765 dedisti
1196 3721 1316 3766 manus
1338 3701 1438 3765 meta.

375 3939 412 3994 In
433 3941 484 3995 too
507 3939 576 3996 libro
595 3947 708 4008 praeter
725 3939 747 3996 l
765 3940 919 4009 empturos
939 3940 984 3994 tic
1004 3941 1063 3995 illic
1087 3939 1168 3995 cusai
1184 3941 1272 3995 bonas
1288 3940 1440 4008 empturas

291 4023 392 4080 codicis
410 4022 428 4082 F
447 4045 478 4072 =
498 4025 683 4080 Laurentium
698 4027 768 4094 plut,
787 4028 828 4093 76,
853 4027 897 4093 41,
923 4042 992 4080 saec.
1010 4023 1069 4080 XV
1084 4027 1195 4092 seriam
1221 4025 1270 4079 scd
1288 4027 1440 4092 pommus

291 4110 349 4164 eiua
373 4125 484 4176 mores,
502 4126 570 4180 quoe
588 4127 647 4165 cum
663 4111 728 4166 alis
745 4112 930 4178 deodoricus,
947 4113 1066 4166 mosim
1082 4127 1143 4166 cum
1160 4108 1181 4167 D
1199 4111 1290 4166 codiee
1309 4109 1439 4166 naas-

290 4211 352 4262 cao,
379 4212 531 4251 communes
556 4197 642 4263 tobel,
668 4196 780 4263 adsone
806 4197 889 4264 nolui,
916 4197 1020 4252 παλὶαηι
1040 4195 1137 4252 comm
1154 4196 1277 4251 cordium
1293 4199 1440 4252 atillam

288 4281 396 4336 aidau.

374 4367 392 4420 3
410 4365 562 4436 aspicinon
579 4367 791 4437 d²;‚aspioi.41‘1
809 4367 845 4424 l⁵
951 4370 967 4422 6
990 4366 1107 4423 inimico
1126 4367 1168 4436 (m
1184 4369 1216 4422 io
1232 4367 1299 4432 ros.)
1317 4365 1338 4422 Α

289 4451 307 4504 8
332 4451 463 4520 appbata
487 4451 523 4509 Μ
651 4455 667 4508 9
694 4453 724 4510 in
751 4471 876 4523 persona
903 4453 959 4508 edd
984 4454 1099 4523 antiqq.;
1125 4451 1322 4522 inpscuaml

291 4535 324 4590 13
349 4537 592 4606 acremlnticordi
616 4539 646 4606 Α,
675 4555 744 4595 cors.
771 4539 910 4594 Erasmus
936 4541 994 4607 (sed
1016 4541 1041 4595 is
1075 4538 1217 4595 Cremutii
1240 4538 1305 4606 scr.)

291 4621 323 4674 15
349 4621 519 4678 Seianianos
538 4623 685 4693 Ayricola3
708 4621 877 4692 silalnianos
899 4631 930 4680 at
947 4627 1003 4680 uid.
1022 4623 1073 4694 l¹;
1091 4625 1274 4692 -sillclnianos
1292 4624 1328 4681 A*
1353 4626 1395 4692 (la
1411 4627 1440 4679 in

289 4723 343 4764 ras.
358 4707 390 4762 ia
403 4711 553 4778 maroicem
569 4709 736 4778 caesareas).
789 4709 943 4766 seruitutis
952 4709 1064 4768 Lectius
1076 4719 1104 4768 ct
1114 4711 1254 4778 Marcam
1273 4709 1440 4768 seruitutil
