3230 5258
329 357 394 421 368
556 381 583 422 n.
606 379 724 428 aunam
746 381 883 422 snunoan
904 355 1102 422 nranoooovu
1126 381 1186 422 nm.
1209 383 1253 422 xr.

330 544 444 610 tonius
472 567 555 610 auus
583 567 687 629 mene,
722 543 815 610 nullo
843 545 954 610 minor
981 543 1046 608 nisi
1074 565 1115 608 eo
1145 566 1165 610 a
1193 565 1260 629 quo
1283 545 1388 610 nictus
1408 553 1463 628 eet,

330 661 422 738 tuno,
444 674 521 719 oum
537 675 611 718 rem
629 653 799 739 publicam
813 653 1037 718 constitueret
1048 658 1084 718 et
1094 651 1295 719 triumuirali
1307 661 1464 740 potestate.

329 761 504 848 praeditus
536 759 622 828 nihil
656 783 757 846 supro
791 783 828 826 se
862 760 1010 846 uideret,
1045 761 1196 848 exeeptis
1231 783 1313 828 uero
1345 762 1463 828 duobus

329 870 472 956 collegis
501 869 614 936 omnia
642 867 732 934 infra
759 891 796 934 ee
819 877 983 954 oerneret,
1017 869 1158 936 fratrem
1178 869 1394 936 interfectum
1412 893 1465 936 au-

294 978 425 1046 adiuit.
479 979 633 1044 Fortuna
666 978 851 1064 impotens,
886 978 1003 1064 quales
1038 999 1080 1044 ex
1108 977 1264 1044 humanis
1292 979 1383 1062 malis
1407 979 1488 1044 tibia

328 1088 404 1174 ipsa
445 1085 544 1152 ludos
588 1085 689 1152 faeie!
744 1109 785 1153 eo
818 1088 897 1174 ipae
926 1095 1091 1174 ternpore,
1130 1109 1197 1173 quo
1231 1087 1277 1152 M.
1310 1087 1466 1153 Antonius

302 1215 304 1220 ⁸
329 1196 451 1262 ciuium
476 1217 613 1262 enorum
633 1197 727 1262 tritae
749 1195 894 1262 sedebat
912 1197 1099 1282 mortisque
1119 1195 1257 1280 arbiter,
1280 1197 1325 1262 M.
1337 1196 1466 1262 Antonii

328 1304 435 1370 irater
468 1305 546 1370 duni
579 1304 761 1389 iubebatur
794 1304 838 1370 ed
871 1305 1090 1391 supplicium!
1141 1305 1235 1372 linit
1266 1305 1332 1372 hoo
1363 1313 1466 1370 tamen

328 1421 400 1480 tam
427 1414 525 1479 triste
553 1413 676 1478 uulnus
705 1413 825 1478 eadem
847 1411 1081 1500 magnitudine
1105 1414 1208 1480 animi
1230 1415 1275 1480 M.
1298 1413 1465 1493 Antonius,

329 1544 396 1608 qua
419 1522 531 1612 omnia
554 1522 620 1587 alia
642 1522 787 1587 aduersa
806 1521 1023 1606 tolomaei-at,
1046 1529 1082 1586 et
1097 1521 1163 1589 hoo
1180 1521 1245 1588 fuit
1263 1523 1335 1588 eius
1350 1523 1466 1608 lugere,
1478 1554 1499 1588 u

295 1629 452 1716 tuiginti
474 1629 649 1717 legionum
671 1629 836 1715 sanguine
859 1628 957 1695 fratri
979 1637 1169 1717 parentare.
1214 1631 1285 1696 Sed
1307 1639 1345 1698 ut
1366 1631 1467 1697 omnia

329 1739 396 1804 alia
418 1738 572 1825 exempla
594 1746 816 1825 praeteream,
839 1745 878 1802 ut
895 1741 929 1804 in
946 1717 1005 1827 me
1018 1761 1153 1826 quoque
1169 1741 1245 1826 ipso
1263 1739 1330 1806 alio
1345 1747 1465 1805 taceam
1497 1775 1506 1806 ι

328 1847 457 1931 funera,
479 1847 533 1912 bis
554 1869 609 1912 me
631 1845 782 1913 fraterno
805 1846 900 1912 luotu
922 1869 1086 1934 aggressa
1107 1846 1246 1914 fortrme
1269 1855 1331 1930 est,
1351 1847 1401 1912 bis
1421 1847 1465 1910 in·

328 1955 461 2022 tellexit
481 1955 572 2021 laedi
594 1977 648 2022 me
671 1977 781 2043 posse,
806 1955 897 2020 uinoi
919 1979 989 2022 non
1011 1979 1123 2043 posse.
1168 1956 1278 2022 Amisi
1302 1955 1464 2022 Germani·

329 2087 405 2128 oum
427 2061 576 2148 fratrem,
610 2087 711 2151 quem
733 2064 902 2150 quomodo
926 2065 1109 2131 emauerim
1131 2063 1302 2150 intellegit
1323 2062 1496 2151 profectori

329 2172 481 2258 quisquis
510 2173 648 2258 cogitet,
683 2171 853 2258 quomodo
882 2193 961 2238 suo·
988 2171 1111 2238 fratres
1133 2173 1181 2260 pii
1201 2171 1326 2238 frenes
1349 2179 1464 2254 ament3

329 2281 377 2347 eio
406 2289 520 2347 tamen
549 2281 707 2348 effectum
735 2301 847 2346 meum
874 2282 957 2366 rexi,
989 2289 1028 2347 ut
1048 2303 1113 2348 neo
1134 2281 1360 2367 relinquerem
1381 2281 1463 2367 quio-
1580 2281 1581 2286 ’

329 2412 439 2476 quam,
462 2389 553 2475 quod
572 2389 662 2475 exigi
680 2389 823 2455 deberet
840 2390 967 2456 abono
984 2388 1100 2476 fratre,
1123 2413 1187 2456 neo
1205 2389 1361 2476 facerem,
1384 2387 1464 2475 quod

328 2498 531 2587 reprehendi
553 2507 671 2585 posset
691 2498 727 2572 in
749 2497 933 2585 prinoipe.“

294 2623 310 2674 4
414 2608 510 2674 Haeo
547 2629 628 2692 ergo
656 2617 740 2693 puta
767 2605 832 2672 tibi
859 2615 1037 2694 parentem
1063 2607 1237 2695 publicum
1264 2605 1389 2672 reterre
1414 2626 1492 2674 err-u

225 2721 229 2730 '
330 2716 450 2804 empla3
473 2715 620 2782 eundem
642 2715 833 2800 ostendere,
862 2737 963 2801 quem
985 2714 1069 2781 nihil
1091 2737 1223 2781 tuorum
1245 2709 1462 2798 intactumque
1517 2739 1520 2747 ·

330 2947 343 2998 l
362 2962 380 2998 e
393 2945 623 3012 praepositionem
641 2959 691 3001 oua
711 2941 786 3010 BHG,
804 2945 852 3000 red
867 2947 899 2999 in
916 2942 937 3001 B
954 2961 976 3000 e.
992 2961 1020 2999 u.
1038 2943 1102 2998 add.
1120 2961 1153 2998 m.
1172 2947 1192 2998 2
1268 2947 1286 2998 2
1302 2937 1461 2998 triumuirali

438 3060 440 3069 1
1441 3035 1460 3062 H

328 3077 395 3138 DEB
412 3097 446 3136 m.
464 3083 496 3148 2;
524 3081 678 3137 triumuiro
696 3079 716 3138 B
735 3083 816 3148 m.1;
840 3079 1011 3150 triumphali
1030 3078 1076 3138 HG
1179 3080 1196 3134 3
1214 3096 1303 3150 supra
1319 3097 1375 3149 πμ
1392 3094 1440 3146 sup

329 3164 349 3224 Β
367 3183 435 3223 corr.
454 3185 489 3222 m.
506 3170 539 3234 ὃς
558 3183 646 3237 super
665 3165 683 3226 C
762 3165 1101 3222 attentaturum.
1179 3165 1311 3235 exeeptis
1329 3163 1351 3222 H
1367 3171 1397 3218 ut
1411 3179 1459 3230 aaa

328 3259 358 3307 et
376 3251 505 3322 exeeptis
524 3250 551 3319 C,
570 3253 618 3308 aed
633 3253 665 3306 iu
683 3250 703 3308 Β
722 3258 754 3307 et
771 3251 821 3306 del.
839 3268 874 3306 m.
892 3253 919 3306 2.
1010 3251 1108 3306 tante
1125 3251 1245 3306 fortuna
1261 3267 1349 3320 stupra
1365 3262 1459 3303 wrm

256 3392 259 3400 ,
328 3339 371 3392 ait
388 3339 452 3393 odd.
470 3336 493 3395 H
580 3339 680 3408 quales
699 3353 750 3392 om.
769 3334 791 3393 H
887 3337 959 3392 tm.
977 3337 1115 3392 antonine
1133 3335 1243 3392 oinium
1260 3353 1376 3391 snorum
1392 3334 1458 3388 uitae

209 3477 213 3487 ,
328 3403 449 3480 addebat
467 3421 525 3491 ΒΗ;
542 3422 614 3478 mihi
632 3421 770 3478 antonius
788 3421 919 3478 ciuilium
938 3441 1056 3478 suorum
1073 3422 1152 3478 uitae
1170 3422 1276 3478 edebat
1294 3420 1337 3480 DE
1354 3415 1458 3489 (ideali.

328 3509 384 3564 ma
407 3509 479 3584 quod
500 3509 580 3568 uine
602 3509 726 3566 cedebat
748 3509 838 3576 babet)
941 3509 959 3564 8
985 3508 1052 3564 duci
1074 3523 1124 3564 oua
1149 3507 1170 3566 H
1278 3500 1481 3572 iubebaturli'

327 3603 359 3650 ut
374 3611 434 3664 up.;
452 3585 608 3650 uidebatur
626 3593 645 3653 C
713 3592 949 3663 9magnitudine
968 3591 988 3651 Β
1057 3594 1095 3650 M.
1114 3594 1260 3650 Antonine
1277 3585 1457 3650 delituunt.
1579 3577 1580 3594 ¹

414 3683 446 3736 10
470 3698 528 3750 qua
546 3677 603 3748 DE;
622 3697 708 3750 quam
725 3678 784 3746 flua
802 3696 859 3749 quo
878 3677 907 3746 Β,
925 3681 973 3735 aed
990 3696 1057 3736 coer.
1075 3697 1109 3735 m·
1126 3683 1154 3734 2.
1241 3678 1304 3735 eine
1321 3679 1415 3747 lugere
1430 3671 1458 3738 0;
1548 3691 1552 3700 ’

328 3766 354 3822 ei
373 3769 473 3837 lugere
490 3784 543 3836 uu,
561 3767 635 3836 quod
648 3767 763 3822 Addere.
781 3767 841 3820 orit.
858 3765 893 3820 11
907 3781 935 3834 p.
945 3767 1000 3820 328
1016 3767 1201 3822 ratmundum
1218 3765 1341 3820 oeoacbot
1358 3761 1457 3826 nadab

326 3853 497 3928 iufimtuum
513 3853 554 3908 uic
564 3869 618 3921 pro
631 3851 805 3908 adamatae
819 3851 938 3920 positum
953 3859 978 3906 et
990 3852 1144 3919 omnnem
1157 3857 1288 3920 repentem
1302 3849 1457 3919 ίπιρτοὸωιεῐ

327 3939 374 3992 aed
389 3939 450 4008 ipse
463 3945 559 4008 posteo
585 3938 652 4006 (iud.
668 3937 760 4006 praefi
776 3953 805 4004 p.
822 3935 885 4004 111)
912 3937 950 3991 ad
965 3937 1015 3992 boo
1032 3937 1159 4006 loquendi
1174 3927 1261 4006 petua
1278 3933 1457 4001 defendendae

327 4025 420 4080 attulit
436 4025 523 4080 boum
539 4040 574 4078 eo
590 4027 669 4092 epist.
687 4025 749 4089 101,
770 4024 812 4086 13,
830 4023 875 4077 cui
893 4023 965 4078 oddo
984 4021 1129 4078 Martialis
1147 4023 1230 4091 entur.
1255 4021 1284 4089 V,
1301 4023 1343 4086 83,
1360 4023 1385 4074 2.

328 4111 361 4163 11
387 4109 529 4178 sanguine
548 4107 581 4177 ὓς
608 4107 780 4178 sanguinem
800 4105 818 4166 C
922 4113 1078 4177 parentare
1097 4105 1128 4176 C;
1146 4124 1245 4178 parem
1264 4103 1371 4163 dareE

268 4205 274 4217 ·
329 4196 361 4250 13
387 4195 498 4262 funera,
525 4195 569 4249 bie
588 4193 619 4264 C;
646 4193 788 4250 funeralis
806 4191 829 4250 Η
932 4193 1064 4250 fraterno
1083 4191 1114 4262 C;
1141 4209 1266 4263 superno
1285 4189 1313 4260 Β,
1339 4192 1386 4248 aed
1401 4205 1456 4244 oon.

325 4337 358 4388 a
377 4349 429 4402 my.
533 4338 585 4398 est,
612 4331 657 4387 us
675 4331 822 4387 nerent
840 4328 899 4398 otu
926 4337 972 4386 est
994 4331 1040 4386 us
1064 4289 1243 4412 nerag-{eu
1265 4326 1371 4386 uun.
1387 4344 1418 4380 e.
1432 4326 1456 4388 2³

327 4443 373 4492 est
390 4435 536 4492 intellexit
554 4433 582 4493 E.
618 4435 739 4490 Gelonem
757 4436 790 4489 de
807 4450 846 4500 eo,
865 4434 937 4502 mod
953 4433 1000 4489 bie
1018 4435 1091 4502 dicit
1110 4433 1207 4488 deiude
1222 4447 1309 4486 amm
1328 4428 1456 4485 Gemoni-

326 4540 386 4578 cum
403 4523 534 4588 nominat,
551 4523 682 4578 adeam
698 4521 839 4576 eduum
848 4518 950 4587 Iripeii,
968 4536 1021 4588 quo
1038 4520 1111 4600 nibil
1126 4519 1222 4574 umbus
1239 4519 1277 4573 od
1294 4519 1345 4573 lod
1359 4529 1457 4572 mona·

327 4609 426 4664 tinum
442 4609 503 4677 ipae
520 4608 632 4676 adferre
647 4623 767 4676 poem
856 4607 887 4659 16
905 4624 974 4660 euoe
993 4605 1100 4660 fratres
1118 4621 1167 4660 out
1186 4602 1230 4662 DE
1323 4607 1355 4659 19
1371 4609 1456 4672 posset

327 4690 392 4751 DEB
410 4711 444 4748 m.
462 4697 495 4760 23
514 4693 607 4762 possit
625 4691 669 4750 ΒΗ
773 4691 803 4746 in
821 4689 853 4760 C3
871 4689 929 4749 ul)
970 4691 972 4698 ’
997 4695 1001 4703 '
1031 4693 1065 4746 20
1083 4693 1193 4785 reterre
1213 4687 1231 4748 C
1239 4709 1246 4758 ;
1264 4683 1430 4746 oonl'arreil
