<?xml version="1.0" encoding="UTF-8"?>
<!DOCTYPE html PUBLIC "-//W3C//DTD XHTML 1.0 Transitional//EN"
    "http://www.w3.org/TR/xhtml1/DTD/xhtml1-transitional.dtd">
<html xmlns="http://www.w3.org/1999/xhtml" xml:lang="en" lang="en">
 <head>
  <title>
</title>
<meta http-equiv="Content-Type" content="text/html;charset=utf-8" />
  <meta name='ocr-system' content='tesseract 3.04.00' />
  <meta name='ocr-capabilities' content='ocr_page ocr_carea ocr_par ocr_line ocrx_word'/>
</head>
<body>
  <div class='ocr_page' id='page_1' title='image "./lannaeisenecaed00senegoog/lannaeisenecaed00senegoog_0159.png"; bbox 0 0 3222 5246; ppageno 0'>
   <div class='ocr_carea' id='block_1_1' title="bbox 294 347 1212 416">
    <p class='ocr_par' dir='ltr' id='par_1_1' title="bbox 294 347 1212 416">
     <span class='ocr_line' id='line_1_1' title="bbox 294 347 1212 416; baseline 0.003 -6"><span class='ocrx_word' id='word_1_1' title='bbox 294 347 356 411; x_wconf 70' lang='grc'><strong>114</strong></span> <span class='ocrx_word' id='word_1_2' title='bbox 514 373 543 413; x_wconf 75' lang='lat' dir='ltr'><strong>Is·</strong></span> <span class='ocrx_word' id='word_1_3' title='bbox 567 373 686 415; x_wconf 72' lang='lat' dir='ltr'><strong>nunaut</strong></span> <span class='ocrx_word' id='word_1_4' title='bbox 707 373 843 416; x_wconf 68' lang='lat' dir='ltr'><strong>sardoas</strong></span> <span class='ocrx_word' id='word_1_5' title='bbox 865 373 1064 415; x_wconf 75' lang='lat' dir='ltr'><strong>ntauosonvrr</strong></span> <span class='ocrx_word' id='word_1_6' title='bbox 1086 375 1147 415; x_wconf 75' lang='lat' dir='ltr'><strong>nm.</strong></span> <span class='ocrx_word' id='word_1_7' title='bbox 1170 373 1212 414; x_wconf 85' lang='lat' dir='ltr'><strong>IV.</strong></span> 
     </span>
    </p>
   </div>
   <div class='ocr_carea' id='block_1_2' title="bbox 256 535 1441 735">
    <p class='ocr_par' dir='ltr' id='par_1_2' title="bbox 256 535 1441 735">
     <span class='ocr_line' id='line_1_2' title="bbox 256 535 1441 626; baseline -0.008 -18"><span class='ocrx_word' id='word_1_8' title='bbox 256 555 389 608; x_wconf 75' lang='lat' dir='ltr'><strong>Irnere</strong></span> <span class='ocrx_word' id='word_1_9' title='bbox 423 538 625 624; x_wconf 77' lang='lat' dir='ltr'><strong>cupientem,</strong></span> <span class='ocrx_word' id='word_1_10' title='bbox 664 537 824 604; x_wconf 88' lang='lat' dir='ltr'><strong>infestam</strong></span> <span class='ocrx_word' id='word_1_11' title='bbox 857 538 983 626; x_wconf 87' lang='lat' dir='ltr'><strong>pariter</strong></span> <span class='ocrx_word' id='word_1_12' title='bbox 1014 537 1235 621; x_wconf 85' lang='lat' dir='ltr'><strong>inuisamque.</strong></span> <span class='ocrx_word' id='word_1_13' title='bbox 1301 535 1378 619; x_wconf 79' lang='lat' dir='ltr'><strong>Uel,</strong></span> <span class='ocrx_word' id='word_1_14' title='bbox 1411 535 1441 599; x_wconf 88' lang='lat' dir='ltr'><strong>si</strong></span> 
     </span>
     <span class='ocr_line' id='line_1_3' title="bbox 290 646 1132 735; baseline 0 -24"><span class='ocrx_word' id='word_1_15' title='bbox 290 647 435 732; x_wconf 88' lang='lat' dir='ltr'><strong>uidetur,</strong></span> <span class='ocrx_word' id='word_1_16' title='bbox 458 647 510 732; x_wconf 86' lang='lat' dir='ltr'><strong>sit,</strong></span> <span class='ocrx_word' id='word_1_17' title='bbox 535 647 644 732; x_wconf 82' lang='lat' dir='ltr'><strong>qualis</strong></span> <span class='ocrx_word' id='word_1_18' title='bbox 666 649 758 735; x_wconf 90' lang='lat' dir='ltr'><strong>apud</strong></span> <span class='ocrx_word' id='word_1_19' title='bbox 780 654 877 714; x_wconf 88' lang='lat' dir='ltr'><strong>uates</strong></span> <span class='ocrx_word' id='word_1_20' title='bbox 899 653 1034 714; x_wconf 90' lang='lat' dir='ltr'><strong>nostros</strong></span> <span class='ocrx_word' id='word_1_21' title='bbox 1058 646 1132 730; x_wconf 88' lang='lat' dir='ltr'><strong>[est]</strong></span> 
     </span>
    </p>
   </div>
   <div class='ocr_carea' id='block_1_3' title="bbox 477 775 1250 936">
    <p class='ocr_par' dir='ltr' id='par_1_3' title="bbox 477 775 1250 936">
     <span class='ocr_line' id='line_1_4' title="bbox 477 775 1250 849; baseline -0.001 -16"><span class='ocrx_word' id='word_1_22' title='bbox 477 778 670 849; x_wconf 85' lang='lat' dir='ltr'><strong>sanguineum</strong></span> <span class='ocrx_word' id='word_1_23' title='bbox 687 779 823 849; x_wconf 88' lang='lat' dir='ltr'><strong>quatiens</strong></span> <span class='ocrx_word' id='word_1_24' title='bbox 840 778 945 835; x_wconf 85' lang='lat' dir='ltr'><strong>dextra</strong></span> <span class='ocrx_word' id='word_1_25' title='bbox 963 779 1085 835; x_wconf 78' lang='lat' dir='ltr'>Bellona</span> <span class='ocrx_word' id='word_1_26' title='bbox 1101 775 1250 848; x_wconf 81' lang='lat' dir='ltr'><strong>flagellum</strong></span> 
     </span>
     <span class='ocr_line' id='line_1_5' title="bbox 477 864 1162 936; baseline -0.001 -16"><span class='ocrx_word' id='word_1_27' title='bbox 477 870 530 921; x_wconf 86' lang='lat' dir='ltr'><strong>ant</strong></span> <span class='ocrx_word' id='word_1_28' title='bbox 547 864 640 920; x_wconf 87' lang='lat' dir='ltr'><strong>scissa</strong></span> <span class='ocrx_word' id='word_1_29' title='bbox 657 866 787 936; x_wconf 81' lang='lat' dir='ltr'><strong>gaudens</strong></span> <span class='ocrx_word' id='word_1_30' title='bbox 804 865 888 922; x_wconf 87' lang='lat' dir='ltr'><strong>uadit</strong></span> <span class='ocrx_word' id='word_1_31' title='bbox 904 865 1059 922; x_wconf 74' lang='lat' dir='ltr'><strong>Discordia</strong></span> <span class='ocrx_word' id='word_1_32' title='bbox 1075 864 1162 935; x_wconf 73' lang='lat' dir='ltr'><strong>palla,</strong></span> 
     </span>
    </p>
   </div>
   <div class='ocr_carea' id='block_1_4' title="bbox 256 977 1479 2592">
    <p class='ocr_par' dir='ltr' id='par_1_4' title="bbox 256 977 1479 2592">
     <span class='ocr_line' id='line_1_6' title="bbox 291 977 1468 1068; baseline -0.003 -22"><span class='ocrx_word' id='word_1_33' title='bbox 291 986 350 1046; x_wconf 88' lang='lat' dir='ltr'><strong>aut</strong></span> <span class='ocrx_word' id='word_1_34' title='bbox 371 981 400 1045; x_wconf 86' lang='lat' dir='ltr'><strong>si</strong></span> <span class='ocrx_word' id='word_1_35' title='bbox 422 1002 489 1066; x_wconf 92' lang='lat' dir='ltr'><strong>qua</strong></span> <span class='ocrx_word' id='word_1_36' title='bbox 509 981 618 1068; x_wconf 85' lang='lat' dir='ltr'><strong>magis</strong></span> <span class='ocrx_word' id='word_1_37' title='bbox 641 980 715 1048; x_wconf 90' lang='lat' dir='ltr'><strong>dira</strong></span> <span class='ocrx_word' id='word_1_38' title='bbox 735 981 840 1047; x_wconf 87' lang='lat' dir='ltr'><strong>facies</strong></span> <span class='ocrx_word' id='word_1_39' title='bbox 859 980 1045 1068; x_wconf 86' lang='lat' dir='ltr'><strong>excogitari</strong></span> <span class='ocrx_word' id='word_1_40' title='bbox 1062 979 1125 1045; x_wconf 85' lang='lat' dir='ltr'><strong>diri</strong></span> <span class='ocrx_word' id='word_1_41' title='bbox 1142 977 1296 1045; x_wconf 79' lang='lat' dir='ltr'><strong>adfectus</strong></span> <span class='ocrx_word' id='word_1_42' title='bbox 1313 983 1468 1064; x_wconf 80' lang='lat' dir='ltr'><strong>potesta</strong></span> 
     </span>
     <span class='ocr_line' id='line_1_7' title="bbox 258 1085 1440 1176; baseline -0.003 -20"><span class='ocrx_word' id='word_1_43' title='bbox 258 1103 272 1156; x_wconf 93' lang='lat'>1</span> <span class='ocrx_word' id='word_1_44' title='bbox 375 1089 546 1156; x_wconf 87' lang='lat' dir='ltr'>XXXVI.</span> <span class='ocrx_word' id='word_1_45' title='bbox 602 1090 822 1176; x_wconf 76' lang='lat' dir='ltr'>Quibusdam,</span> <span class='ocrx_word' id='word_1_46' title='bbox 857 1097 896 1156; x_wconf 91' lang='lat' dir='ltr'><strong>ut</strong></span> <span class='ocrx_word' id='word_1_47' title='bbox 929 1091 977 1156; x_wconf 89' lang='lat' dir='ltr'><strong>ait</strong></span> <span class='ocrx_word' id='word_1_48' title='bbox 1004 1089 1149 1174; x_wconf 81' lang='lat' dir='ltr'><strong>Sextius,</strong></span> <span class='ocrx_word' id='word_1_49' title='bbox 1182 1087 1277 1154; x_wconf 89' lang='lat' dir='ltr'><strong>iratis</strong></span> <span class='ocrx_word' id='word_1_50' title='bbox 1309 1085 1440 1173; x_wconf 76' lang='lat' dir='ltr'><strong>profuit</strong></span> 
     </span>
     <span class='ocr_line' id='line_1_8' title="bbox 292 1196 1437 1286; baseline -0.001 -24"><span class='ocrx_word' id='word_1_51' title='bbox 292 1197 464 1284; x_wconf 75' lang='lat' dir='ltr'><strong>aspexisse</strong></span> <span class='ocrx_word' id='word_1_52' title='bbox 497 1199 687 1285; x_wconf 88' lang='lat' dir='ltr'><strong>speculum:</strong></span> <span class='ocrx_word' id='word_1_53' title='bbox 721 1200 936 1286; x_wconf 86' lang='lat' dir='ltr'><strong>perturbauit</strong></span> <span class='ocrx_word' id='word_1_54' title='bbox 964 1199 1042 1266; x_wconf 90' lang='lat' dir='ltr'><strong>illos</strong></span> <span class='ocrx_word' id='word_1_55' title='bbox 1070 1205 1177 1264; x_wconf 84' lang='lat' dir='ltr'><strong>tanta·</strong></span> <span class='ocrx_word' id='word_1_56' title='bbox 1196 1196 1340 1263; x_wconf 87' lang='lat' dir='ltr'><strong>mutatio</strong></span> <span class='ocrx_word' id='word_1_57' title='bbox 1370 1197 1437 1282; x_wconf 86' lang='lat' dir='ltr'><strong>sui;</strong></span> 
     </span>
     <span class='ocr_line' id='line_1_9' title="bbox 290 1304 1440 1394; baseline -0.003 -22"><span class='ocrx_word' id='word_1_58' title='bbox 290 1306 388 1372; x_wconf 91' lang='lat' dir='ltr'><strong>uelut</strong></span> <span class='ocrx_word' id='word_1_59' title='bbox 415 1307 452 1372; x_wconf 92' lang='lat' dir='ltr'><strong>in</strong></span> <span class='ocrx_word' id='word_1_60' title='bbox 472 1329 545 1372; x_wconf 90' lang='lat' dir='ltr'><strong>rem</strong></span> <span class='ocrx_word' id='word_1_61' title='bbox 566 1315 784 1394; x_wconf 76' lang='lat' dir='ltr'><strong>praesentem</strong></span> <span class='ocrx_word' id='word_1_62' title='bbox 804 1307 942 1374; x_wconf 85' lang='lat' dir='ltr'><strong>adducti</strong></span> <span class='ocrx_word' id='word_1_63' title='bbox 963 1329 1033 1374; x_wconf 90' lang='lat' dir='ltr'><strong>non</strong></span> <span class='ocrx_word' id='word_1_64' title='bbox 1055 1311 1270 1394; x_wconf 84' lang='lat' dir='ltr'><strong>agnouerunt</strong></span> <span class='ocrx_word' id='word_1_65' title='bbox 1291 1327 1337 1371; x_wconf 89' lang='lat' dir='ltr'><strong>se.</strong></span> <span class='ocrx_word' id='word_1_66' title='bbox 1392 1304 1440 1368; x_wconf 86' lang='lat' dir='ltr'><strong>Et</strong></span> 
     </span>
     <span class='ocr_line' id='line_1_10' title="bbox 291 1414 1437 1502; baseline -0.002 -21"><span class='ocrx_word' id='word_1_67' title='bbox 291 1415 494 1501; x_wconf 83' lang='lat' dir='ltr'><strong>quantulum</strong></span> <span class='ocrx_word' id='word_1_68' title='bbox 523 1439 564 1482; x_wconf 86' lang='lat' dir='ltr'><strong>ex</strong></span> <span class='ocrx_word' id='word_1_69' title='bbox 590 1439 675 1484; x_wconf 89' lang='lat' dir='ltr'><strong>uera</strong></span> <span class='ocrx_word' id='word_1_70' title='bbox 702 1415 919 1484; x_wconf 70' lang='lat' dir='ltr'><strong>deformitate</strong></span> <span class='ocrx_word' id='word_1_71' title='bbox 945 1416 1058 1502; x_wconf 86' lang='lat' dir='ltr'><strong>imago</strong></span> <span class='ocrx_word' id='word_1_72' title='bbox 1080 1415 1139 1482; x_wconf 87' lang='lat' dir='ltr'><strong>ille</strong></span> <span class='ocrx_word' id='word_1_73' title='bbox 1161 1414 1301 1502; x_wconf 90' lang='lat' dir='ltr'><strong>speculo</strong></span> <span class='ocrx_word' id='word_1_74' title='bbox 1323 1436 1437 1501; x_wconf 92' lang='lat' dir='ltr'><strong>reper-</strong></span> 
     </span>
     <span class='ocr_line' id='line_1_11' title="bbox 256 1522 1479 1593; baseline -0.003 -1"><span class='ocrx_word' id='word_1_75' title='bbox 256 1539 392 1592; x_wconf 84' lang='lat' dir='ltr'><strong>2oussa</strong></span> <span class='ocrx_word' id='word_1_76' title='bbox 417 1524 607 1593; x_wconf 79' lang='lat' dir='ltr'><strong>reddebat?</strong></span> <span class='ocrx_word' id='word_1_77' title='bbox 661 1524 804 1592; x_wconf 87' lang='lat' dir='ltr'><strong>Animus</strong></span> <span class='ocrx_word' id='word_1_78' title='bbox 833 1524 1019 1593; x_wconf 88' lang='lat' dir='ltr'><strong>siostendi</strong></span> <span class='ocrx_word' id='word_1_79' title='bbox 1043 1531 1078 1591; x_wconf 93' lang='lat' dir='ltr'><strong>et</strong></span> <span class='ocrx_word' id='word_1_80' title='bbox 1098 1525 1128 1590; x_wconf 89' lang='lat' dir='ltr'><strong>si</strong></span> <span class='ocrx_word' id='word_1_81' title='bbox 1149 1524 1185 1590; x_wconf 89' lang='lat' dir='ltr'><strong>in</strong></span> <span class='ocrx_word' id='word_1_82' title='bbox 1207 1523 1278 1590; x_wconf 89' lang='lat' dir='ltr'><strong>ulla</strong></span> <span class='ocrx_word' id='word_1_83' title='bbox 1297 1522 1439 1590; x_wconf 85' lang='lat' dir='ltr'><strong>materia</strong></span> <span class='ocrx_word' id='word_1_84' title='bbox 1453 1544 1479 1582; x_wconf 83' lang='lat' dir='ltr'><strong>u</strong></span> 
     </span>
     <span class='ocr_line' id='line_1_12' title="bbox 290 1632 1438 1721; baseline 0 -23"><span class='ocrx_word' id='word_1_85' title='bbox 290 1633 467 1720; x_wconf 77' lang='lat' dir='ltr'><strong>perlucere</strong></span> <span class='ocrx_word' id='word_1_86' title='bbox 494 1641 621 1721; x_wconf 84' lang='lat' dir='ltr'><strong>posset,</strong></span> <span class='ocrx_word' id='word_1_87' title='bbox 654 1635 818 1702; x_wconf 86' lang='lat' dir='ltr'><strong>intuentis</strong></span> <span class='ocrx_word' id='word_1_88' title='bbox 845 1657 908 1701; x_wconf 90' lang='lat' dir='ltr'><strong>nos</strong></span> <span class='ocrx_word' id='word_1_89' title='bbox 941 1633 1167 1701; x_wconf 81' lang='lat' dir='ltr'><strong>confimderet</strong></span> <span class='ocrx_word' id='word_1_90' title='bbox 1196 1639 1270 1699; x_wconf 88' lang='lat' dir='ltr'><strong>ater</strong></span> <span class='ocrx_word' id='word_1_91' title='bbox 1290 1632 1438 1698; x_wconf 86' lang='lat' dir='ltr'><strong>maculo-</strong></span> 
     </span>
     <span class='ocr_line' id='line_1_13' title="bbox 292 1742 1439 1829; baseline 0 -21"><span class='ocrx_word' id='word_1_92' title='bbox 292 1764 417 1829; x_wconf 87' lang='lat' dir='ltr'><strong>susque</strong></span> <span class='ocrx_word' id='word_1_93' title='bbox 444 1749 479 1809; x_wconf 91' lang='lat' dir='ltr'><strong>et</strong></span> <span class='ocrx_word' id='word_1_94' title='bbox 501 1748 659 1810; x_wconf 85' lang='lat' dir='ltr'><strong>aestuans</strong></span> <span class='ocrx_word' id='word_1_95' title='bbox 681 1749 718 1810; x_wconf 88' lang='lat' dir='ltr'><strong>et</strong></span> <span class='ocrx_word' id='word_1_96' title='bbox 739 1743 905 1811; x_wconf 88' lang='lat' dir='ltr'><strong>distortus</strong></span> <span class='ocrx_word' id='word_1_97' title='bbox 927 1750 963 1811; x_wconf 88' lang='lat' dir='ltr'><strong>et</strong></span> <span class='ocrx_word' id='word_1_98' title='bbox 984 1742 1144 1811; x_wconf 85' lang='lat' dir='ltr'><strong>tumidus.</strong></span> <span class='ocrx_word' id='word_1_99' title='bbox 1187 1742 1287 1807; x_wconf 89' lang='lat' dir='ltr'><strong>Nunc</strong></span> <span class='ocrx_word' id='word_1_100' title='bbox 1304 1763 1439 1828; x_wconf 90' lang='lat' dir='ltr'><strong>quoque</strong></span> 
     </span>
     <span class='ocr_line' id='line_1_14' title="bbox 290 1850 1439 1950; baseline -0.001 -34"><span class='ocrx_word' id='word_1_101' title='bbox 290 1857 389 1917; x_wconf 88' lang='lat' dir='ltr'><strong>tanta</strong></span> <span class='ocrx_word' id='word_1_102' title='bbox 422 1850 619 1920; x_wconf 83' lang='lat' dir='ltr'><strong>deformitas</strong></span> <span class='ocrx_word' id='word_1_103' title='bbox 654 1851 727 1950; x_wconf 82' lang='lat' dir='ltr'><strong>eius</strong></span> <span class='ocrx_word' id='word_1_104' title='bbox 756 1860 809 1918; x_wconf 91' lang='lat' dir='ltr'><strong>est</strong></span> <span class='ocrx_word' id='word_1_105' title='bbox 835 1875 897 1940; x_wconf 91' lang='lat' dir='ltr'><strong>per</strong></span> <span class='ocrx_word' id='word_1_106' title='bbox 925 1875 1002 1920; x_wconf 89' lang='lat' dir='ltr'><strong>osse</strong></span> <span class='ocrx_word' id='word_1_107' title='bbox 1030 1873 1217 1938; x_wconf 87' lang='lat' dir='ltr'><strong>carnesque</strong></span> <span class='ocrx_word' id='word_1_108' title='bbox 1245 1857 1281 1916; x_wconf 88' lang='lat' dir='ltr'><strong>et</strong></span> <span class='ocrx_word' id='word_1_109' title='bbox 1307 1856 1361 1917; x_wconf 88' lang='lat' dir='ltr'><strong>tot</strong></span> <span class='ocrx_word' id='word_1_110' title='bbox 1388 1851 1439 1915; x_wconf 93' lang='lat' dir='ltr'><strong>in-</strong></span> 
     </span>
     <span class='ocr_line' id='line_1_15' title="bbox 256 1958 1438 2048; baseline -0.001 -21"><span class='ocrx_word' id='word_1_111' title='bbox 256 1973 274 2027; x_wconf 78' lang='lat'><em>8</em></span> <span class='ocrx_word' id='word_1_112' title='bbox 291 1960 487 2047; x_wconf 88' lang='lat' dir='ltr'><strong>pedimenta</strong></span> <span class='ocrx_word' id='word_1_113' title='bbox 504 1959 691 2028; x_wconf 85' lang='lat' dir='ltr'><strong>effluentis:</strong></span> <span class='ocrx_word' id='word_1_114' title='bbox 715 1961 797 2048; x_wconf 92' lang='lat' dir='ltr'><strong>quid</strong></span> <span class='ocrx_word' id='word_1_115' title='bbox 814 1963 843 2028; x_wconf 90' lang='lat' dir='ltr'><strong>si</strong></span> <span class='ocrx_word' id='word_1_116' title='bbox 859 1963 970 2029; x_wconf 93' lang='lat' dir='ltr'><strong>nudus</strong></span> <span class='ocrx_word' id='word_1_117' title='bbox 987 1961 1247 2028; x_wconf 76' lang='lat' dir='ltr'><strong>ostenderetur?</strong></span> <span class='ocrx_word' id='word_1_118' title='bbox 1291 1958 1438 2046; x_wconf 81' lang='lat' dir='ltr'><strong>Speculo</strong></span> 
     </span>
     <span class='ocr_line' id='line_1_16' title="bbox 292 2067 1478 2155; baseline -0.003 -20"><span class='ocrx_word' id='word_1_119' title='bbox 292 2069 430 2155; x_wconf 90' lang='lat' dir='ltr'><strong>quidem</strong></span> <span class='ocrx_word' id='word_1_120' title='bbox 457 2070 628 2136; x_wconf 90' lang='lat' dir='ltr'><strong>neminem</strong></span> <span class='ocrx_word' id='word_1_121' title='bbox 655 2071 856 2137; x_wconf 86' lang='lat' dir='ltr'><strong>deterritum</strong></span> <span class='ocrx_word' id='word_1_122' title='bbox 885 2073 929 2138; x_wconf 87' lang='lat' dir='ltr'><strong>ab</strong></span> <span class='ocrx_word' id='word_1_123' title='bbox 951 2073 1002 2138; x_wconf 89' lang='lat' dir='ltr'><strong>ire</strong></span> <span class='ocrx_word' id='word_1_124' title='bbox 1024 2070 1218 2138; x_wconf 78' lang='lat' dir='ltr'><strong>credideris:</strong></span> <span class='ocrx_word' id='word_1_125' title='bbox 1253 2067 1334 2154; x_wconf 86' lang='lat' dir='ltr'><strong>quid</strong></span> <span class='ocrx_word' id='word_1_126' title='bbox 1357 2089 1437 2154; x_wconf 88' lang='lat' dir='ltr'><strong>ergo</strong></span> <span class='ocrx_word' id='word_1_127' title='bbox 1453 2087 1478 2124; x_wconf 68' lang='grc' dir='ltr'><strong>ιε</strong></span> 
     </span>
     <span class='ocr_line' id='line_1_17' title="bbox 292 2173 1439 2266; baseline -0.001 -22"><span class='ocrx_word' id='word_1_128' title='bbox 292 2179 387 2260; x_wconf 80' lang='lat' dir='ltr'><strong>(eet)?</strong></span> <span class='ocrx_word' id='word_1_129' title='bbox 431 2179 489 2265; x_wconf 94' lang='lat' dir='ltr'><strong>qui</strong></span> <span class='ocrx_word' id='word_1_130' title='bbox 528 2173 572 2244; x_wconf 89' lang='lat' dir='ltr'><strong>ad</strong></span> <span class='ocrx_word' id='word_1_131' title='bbox 610 2179 785 2266; x_wconf 89' lang='lat' dir='ltr'><strong>speculum</strong></span> <span class='ocrx_word' id='word_1_132' title='bbox 823 2186 974 2265; x_wconf 88' lang='lat' dir='ltr'><strong>uenerat,</strong></span> <span class='ocrx_word' id='word_1_133' title='bbox 1018 2186 1058 2245; x_wconf 85' lang='lat' dir='ltr'><strong>ut</strong></span> <span class='ocrx_word' id='word_1_134' title='bbox 1096 2201 1133 2245; x_wconf 89' lang='lat' dir='ltr'><strong>se</strong></span> <span class='ocrx_word' id='word_1_135' title='bbox 1171 2185 1328 2258; x_wconf 83' lang='lat' dir='ltr'><strong>mutaret,</strong></span> <span class='ocrx_word' id='word_1_136' title='bbox 1372 2178 1439 2244; x_wconf 92' lang='lat' dir='ltr'><strong>iem</strong></span> 
     </span>
     <span class='ocr_line' id='line_1_18' title="bbox 291 2284 1438 2373; baseline -0.002 -21"><span class='ocrx_word' id='word_1_137' title='bbox 291 2293 499 2372; x_wconf 86' lang='lat' dir='ltr'><strong>mutauerat;</strong></span> <span class='ocrx_word' id='word_1_138' title='bbox 543 2287 639 2353; x_wconf 89' lang='lat' dir='ltr'><strong>iratis</strong></span> <span class='ocrx_word' id='word_1_139' title='bbox 678 2287 816 2373; x_wconf 88' lang='lat' dir='ltr'><strong>quidem</strong></span> <span class='ocrx_word' id='word_1_140' title='bbox 854 2289 947 2356; x_wconf 88' lang='lat' dir='ltr'><strong>nulla</strong></span> <span class='ocrx_word' id='word_1_141' title='bbox 986 2294 1039 2354; x_wconf 90' lang='lat' dir='ltr'><strong>est</strong></span> <span class='ocrx_word' id='word_1_142' title='bbox 1070 2286 1274 2354; x_wconf 82' lang='lat' dir='ltr'><strong>formonsior</strong></span> <span class='ocrx_word' id='word_1_143' title='bbox 1307 2284 1438 2372; x_wconf 84' lang='lat' dir='ltr'><strong>effigies</strong></span> 
     </span>
     <span class='ocr_line' id='line_1_19' title="bbox 292 2394 1438 2484; baseline -0.001 -24"><span class='ocrx_word' id='word_1_144' title='bbox 292 2418 392 2481; x_wconf 91' lang='lat' dir='ltr'><strong>quam</strong></span> <span class='ocrx_word' id='word_1_145' title='bbox 415 2403 512 2462; x_wconf 87' lang='lat' dir='ltr'><strong>atrox</strong></span> <span class='ocrx_word' id='word_1_146' title='bbox 535 2402 570 2462; x_wconf 92' lang='lat' dir='ltr'><strong>et</strong></span> <span class='ocrx_word' id='word_1_147' title='bbox 591 2395 737 2482; x_wconf 87' lang='lat' dir='ltr'><strong>horrida,</strong></span> <span class='ocrx_word' id='word_1_148' title='bbox 760 2397 944 2484; x_wconf 80' lang='lat' dir='ltr'><strong>qualesque</strong></span> <span class='ocrx_word' id='word_1_149' title='bbox 967 2419 1042 2464; x_wconf 87' lang='lat' dir='ltr'><strong>esse</strong></span> <span class='ocrx_word' id='word_1_150' title='bbox 1065 2395 1167 2462; x_wconf 90' lang='lat' dir='ltr'><strong>etiam</strong></span> <span class='ocrx_word' id='word_1_151' title='bbox 1182 2395 1291 2460; x_wconf 86' lang='lat' dir='ltr'><strong>uideri</strong></span> <span class='ocrx_word' id='word_1_152' title='bbox 1307 2394 1438 2460; x_wconf 88' lang='lat' dir='ltr'><strong>uolunt.</strong></span> 
     </span>
     <span class='ocr_line' id='line_1_20' title="bbox 257 2504 1439 2592; baseline -0.005 -18"><span class='ocrx_word' id='word_1_153' title='bbox 257 2504 403 2591; x_wconf 83' lang='lat' dir='ltr'><strong>4Magis</strong></span> <span class='ocrx_word' id='word_1_154' title='bbox 444 2504 529 2570; x_wconf 88' lang='lat' dir='ltr'><strong>illud</strong></span> <span class='ocrx_word' id='word_1_155' title='bbox 569 2504 756 2571; x_wconf 88' lang='lat' dir='ltr'><strong>uidendum</strong></span> <span class='ocrx_word' id='word_1_156' title='bbox 796 2513 865 2590; x_wconf 83' lang='lat' dir='ltr'><strong>est,</strong></span> <span class='ocrx_word' id='word_1_157' title='bbox 917 2528 1019 2592; x_wconf 87' lang='lat' dir='ltr'><strong>quem</strong></span> <span class='ocrx_word' id='word_1_158' title='bbox 1057 2505 1172 2571; x_wconf 89' lang='lat' dir='ltr'><strong>multis</strong></span> <span class='ocrx_word' id='word_1_159' title='bbox 1211 2505 1262 2570; x_wconf 89' lang='lat' dir='ltr'><strong>ire</strong></span> <span class='ocrx_word' id='word_1_160' title='bbox 1300 2525 1363 2590; x_wconf 93' lang='lat' dir='ltr'><strong>per</strong></span> <span class='ocrx_word' id='word_1_161' title='bbox 1401 2525 1439 2568; x_wconf 90' lang='lat' dir='ltr'><strong>se</strong></span> 
     </span>
    </p>
   </div>
   <div class='ocr_carea' id='block_1_5' title="bbox 165 2599 1593 2703">
    <p class='ocr_par' dir='ltr' id='par_1_5' title="bbox 165 2599 1593 2703">
     <span class='ocr_line' id='line_1_21' title="bbox 165 2599 1593 2703; baseline -0.003 -23"><span class='ocrx_word' id='word_1_162' title='bbox 165 2675 168 2680; x_wconf 88' lang='lat'>.</span> <span class='ocrx_word' id='word_1_163' title='bbox 290 2612 455 2679; x_wconf 86' lang='lat' dir='ltr'><strong>nocuerit.</strong></span> <span class='ocrx_word' id='word_1_164' title='bbox 510 2613 580 2678; x_wconf 85' lang='lat' dir='ltr'><strong>Alii</strong></span> <span class='ocrx_word' id='word_1_165' title='bbox 602 2614 706 2679; x_wconf 89' lang='lat' dir='ltr'><strong>nimio</strong></span> <span class='ocrx_word' id='word_1_166' title='bbox 729 2613 865 2680; x_wconf 87' lang='lat' dir='ltr'><strong>feruore</strong></span> <span class='ocrx_word' id='word_1_167' title='bbox 887 2637 1008 2703; x_wconf 91' lang='lat' dir='ltr'><strong>rupere</strong></span> <span class='ocrx_word' id='word_1_168' title='bbox 1031 2637 1146 2700; x_wconf 80' lang='lat' dir='ltr'><strong>uenas,</strong></span> <span class='ocrx_word' id='word_1_169' title='bbox 1181 2619 1217 2680; x_wconf 94' lang='lat' dir='ltr'><strong>et</strong></span> <span class='ocrx_word' id='word_1_170' title='bbox 1238 2611 1476 2698; x_wconf 63' lang='lat' dir='ltr'><strong>sanguinent</strong></span> <span class='ocrx_word' id='word_1_171' title='bbox 1592 2599 1593 2658; x_wconf 59' lang='grc' dir='ltr'><strong>ἶ</strong></span> 
     </span>
    </p>
   </div>
   <div class='ocr_carea' id='block_1_6' title="bbox 257 2719 1478 3354">
    <p class='ocr_par' dir='ltr' id='par_1_6' title="bbox 269 2719 1440 2918">
     <span class='ocr_line' id='line_1_22' title="bbox 269 2719 1440 2810; baseline 0 -24"><span class='ocrx_word' id='word_1_172' title='bbox 269 2743 395 2808; x_wconf 61' lang='lat' dir='ltr'><strong>,supra</strong></span> <span class='ocrx_word' id='word_1_173' title='bbox 427 2721 516 2788; x_wconf 88' lang='lat' dir='ltr'><strong>uires</strong></span> <span class='ocrx_word' id='word_1_174' title='bbox 552 2723 661 2788; x_wconf 85' lang='lat' dir='ltr'><strong>elatus</strong></span> <span class='ocrx_word' id='word_1_175' title='bbox 694 2722 821 2789; x_wconf 88' lang='lat' dir='ltr'><strong>clamor</strong></span> <span class='ocrx_word' id='word_1_176' title='bbox 854 2725 990 2810; x_wconf 85' lang='lat' dir='ltr'><strong>egessit,</strong></span> <span class='ocrx_word' id='word_1_177' title='bbox 1035 2729 1071 2790; x_wconf 91' lang='lat' dir='ltr'><strong>et</strong></span> <span class='ocrx_word' id='word_1_178' title='bbox 1101 2724 1265 2790; x_wconf 91' lang='lat' dir='ltr'><strong>luminum</strong></span> <span class='ocrx_word' id='word_1_179' title='bbox 1298 2719 1440 2787; x_wconf 87' lang='lat' dir='ltr'><strong>suffudit</strong></span> 
     </span>
     <span class='ocr_line' id='line_1_23' title="bbox 292 2829 1440 2918; baseline -0.002 -21"><span class='ocrx_word' id='word_1_180' title='bbox 292 2832 399 2898; x_wconf 89' lang='lat' dir='ltr'><strong>aciem</strong></span> <span class='ocrx_word' id='word_1_181' title='bbox 425 2831 462 2897; x_wconf 91' lang='lat' dir='ltr'><strong>in</strong></span> <span class='ocrx_word' id='word_1_182' title='bbox 491 2831 608 2897; x_wconf 88' lang='lat' dir='ltr'><strong>oeulos</strong></span> <span class='ocrx_word' id='word_1_183' title='bbox 630 2831 865 2899; x_wconf 90' lang='lat' dir='ltr'><strong>uehementius</strong></span> <span class='ocrx_word' id='word_1_184' title='bbox 888 2855 986 2900; x_wconf 91' lang='lat' dir='ltr'><strong>umor</strong></span> <span class='ocrx_word' id='word_1_185' title='bbox 1008 2839 1155 2918; x_wconf 83' lang='lat' dir='ltr'><strong>egestus,</strong></span> <span class='ocrx_word' id='word_1_186' title='bbox 1189 2837 1225 2898; x_wconf 91' lang='lat' dir='ltr'><strong>et</strong></span> <span class='ocrx_word' id='word_1_187' title='bbox 1245 2831 1281 2896; x_wconf 88' lang='lat' dir='ltr'><strong>in</strong></span> <span class='ocrx_word' id='word_1_188' title='bbox 1302 2829 1440 2896; x_wconf 90' lang='lat' dir='ltr'><strong>morbos</strong></span> 
     </span>
    </p>

    <p class='ocr_par' dir='ltr' id='par_1_7' title="bbox 257 2939 1478 3354">
     <span class='ocr_line' id='line_1_24' title="bbox 257 2939 1441 3026; baseline -0.005 -17"><span class='ocrx_word' id='word_1_189' title='bbox 257 2957 274 3010; x_wconf 84' lang='lat'><strong>5</strong></span> <span class='ocrx_word' id='word_1_190' title='bbox 293 2941 386 3026; x_wconf 83' lang='lat' dir='ltr'><strong>aegri</strong></span> <span class='ocrx_word' id='word_1_191' title='bbox 407 2939 588 3006; x_wconf 88' lang='lat' dir='ltr'><strong>reccidere.</strong></span> <span class='ocrx_word' id='word_1_192' title='bbox 633 2940 736 3006; x_wconf 82' lang='lat' dir='ltr'><strong>Nulla</strong></span> <span class='ocrx_word' id='word_1_193' title='bbox 757 2940 900 3008; x_wconf 86' lang='lat' dir='ltr'><strong>celerior</strong></span> <span class='ocrx_word' id='word_1_194' title='bbox 922 2941 965 3008; x_wconf 84' lang='lat' dir='ltr'><strong>ed</strong></span> <span class='ocrx_word' id='word_1_195' title='bbox 986 2941 1153 3008; x_wconf 86' lang='lat' dir='ltr'><strong>insaniam</strong></span> <span class='ocrx_word' id='word_1_196' title='bbox 1174 2942 1231 3008; x_wconf 90' lang='lat' dir='ltr'><strong>uia</strong></span> <span class='ocrx_word' id='word_1_197' title='bbox 1253 2945 1319 3026; x_wconf 80' lang='lat' dir='ltr'><strong>est3</strong></span> <span class='ocrx_word' id='word_1_198' title='bbox 1343 2939 1441 3006; x_wconf 91' lang='lat' dir='ltr'><strong>multi</strong></span> 
     </span>
     <span class='ocr_line' id='line_1_25' title="bbox 293 3048 1441 3137; baseline 0 -24"><span class='ocrx_word' id='word_1_199' title='bbox 293 3049 409 3134; x_wconf 92' lang='lat' dir='ltr'><strong>itaque</strong></span> <span class='ocrx_word' id='word_1_200' title='bbox 438 3049 724 3116; x_wconf 82' lang='lat' dir='ltr'><strong>continuauerunt</strong></span> <span class='ocrx_word' id='word_1_201' title='bbox 750 3049 821 3116; x_wconf 87' lang='lat' dir='ltr'><strong>irae</strong></span> <span class='ocrx_word' id='word_1_202' title='bbox 848 3048 998 3117; x_wconf 83' lang='lat' dir='ltr'><strong>furorem</strong></span> <span class='ocrx_word' id='word_1_203' title='bbox 1025 3073 1090 3117; x_wconf 89' lang='lat' dir='ltr'><strong>neo</strong></span> <span class='ocrx_word' id='word_1_204' title='bbox 1118 3073 1219 3137; x_wconf 90' lang='lat' dir='ltr'><strong>quam</strong></span> <span class='ocrx_word' id='word_1_205' title='bbox 1242 3048 1441 3136; x_wconf 83' lang='lat' dir='ltr'><strong>expulerant</strong></span> 
     </span>
     <span class='ocr_line' id='line_1_26' title="bbox 293 3158 1478 3246; baseline 0 -24"><span class='ocrx_word' id='word_1_206' title='bbox 293 3164 442 3224; x_wconf 89' lang='lat' dir='ltr'><strong>mentem</strong></span> <span class='ocrx_word' id='word_1_207' title='bbox 481 3180 640 3246; x_wconf 88' lang='lat' dir='ltr'><strong>umquam</strong></span> <span class='ocrx_word' id='word_1_208' title='bbox 679 3166 896 3245; x_wconf 87' lang='lat' dir='ltr'><strong>receperunt:</strong></span> <span class='ocrx_word' id='word_1_209' title='bbox 940 3159 1082 3226; x_wconf 87' lang='lat' dir='ltr'><strong>Aiacem</strong></span> <span class='ocrx_word' id='word_1_210' title='bbox 1118 3160 1165 3232; x_wconf 76' lang='lat' dir='ltr'><strong>in,</strong></span> <span class='ocrx_word' id='word_1_211' title='bbox 1192 3165 1337 3225; x_wconf 88' lang='lat' dir='ltr'><strong>mortem</strong></span> <span class='ocrx_word' id='word_1_212' title='bbox 1371 3158 1478 3243; x_wconf 73' lang='lat' dir='ltr'><strong>egica</strong></span> 
     </span>
     <span class='ocr_line' id='line_1_27' title="bbox 293 3263 1439 3354; baseline -0.002 -22"><span class='ocrx_word' id='word_1_213' title='bbox 293 3263 402 3350; x_wconf 83' lang='lat' dir='ltr'><strong>furor,</strong></span> <span class='ocrx_word' id='word_1_214' title='bbox 434 3266 472 3332; x_wconf 90' lang='lat' dir='ltr'><strong>in</strong></span> <span class='ocrx_word' id='word_1_215' title='bbox 502 3265 653 3332; x_wconf 89' lang='lat' dir='ltr'><strong>furorem</strong></span> <span class='ocrx_word' id='word_1_216' title='bbox 685 3266 744 3333; x_wconf 85' lang='lat' dir='ltr'><strong>ira.</strong></span> <span class='ocrx_word' id='word_1_217' title='bbox 799 3267 945 3334; x_wconf 88' lang='lat' dir='ltr'><strong>Mortem</strong></span> <span class='ocrx_word' id='word_1_218' title='bbox 976 3267 1108 3353; x_wconf 84' lang='lat' dir='ltr'><strong>liberie,</strong></span> <span class='ocrx_word' id='word_1_219' title='bbox 1143 3273 1331 3354; x_wconf 81' lang='lat' dir='ltr'><strong>egestatem</strong></span> <span class='ocrx_word' id='word_1_220' title='bbox 1365 3265 1439 3352; x_wconf 85' lang='lat' dir='ltr'><strong>sibi,</strong></span> 
     </span>
    </p>
   </div>
   <div class='ocr_carea' id='block_1_7' title="bbox 291 3572 1442 3987">
    <p class='ocr_par' dir='ltr' id='par_1_8' title="bbox 291 3572 1442 3902">
     <span class='ocr_line' id='line_1_28' title="bbox 291 3572 1441 3644; baseline 0.001 -16"><span class='ocrx_word' id='word_1_221' title='bbox 291 3574 309 3628; x_wconf 77' lang='lat'><strong>2</strong></span> <span class='ocrx_word' id='word_1_222' title='bbox 335 3581 407 3644; x_wconf 85' lang='lat' dir='ltr'><strong>aput</strong></span> <span class='ocrx_word' id='word_1_223' title='bbox 425 3572 446 3629; x_wconf 86' lang='grc' dir='ltr'>Α</span> <span class='ocrx_word' id='word_1_224' title='bbox 549 3581 595 3630; x_wconf 83' lang='lat' dir='ltr'><strong>est</strong></span> <span class='ocrx_word' id='word_1_225' title='bbox 621 3575 766 3630; x_wconf 68' lang='lat' dir='ltr'><strong>tollendum</strong></span> <span class='ocrx_word' id='word_1_226' title='bbox 784 3591 885 3642; x_wconf 78' lang='lat' dir='ltr'><strong>censeo,</strong></span> <span class='ocrx_word' id='word_1_227' title='bbox 912 3581 944 3630; x_wconf 81' lang='lat' dir='ltr'><strong>ut</strong></span> <span class='ocrx_word' id='word_1_228' title='bbox 961 3575 1044 3631; x_wconf 85' lang='lat' dir='ltr'><strong>uadit</strong></span> <span class='ocrx_word' id='word_1_229' title='bbox 1062 3578 1146 3631; x_wconf 78' lang='lat' dir='ltr'><strong>totins</strong></span> <span class='ocrx_word' id='word_1_230' title='bbox 1164 3575 1312 3631; x_wconf 77' lang='lat' dir='ltr'><strong>sententiae</strong></span> <span class='ocrx_word' id='word_1_231' title='bbox 1329 3575 1441 3630; x_wconf 67' lang='lat' dir='ltr'><strong>undum</strong></span> 
     </span>
     <span class='ocr_line' id='line_1_29' title="bbox 291 3659 1442 3728; baseline 0.003 -16"><span class='ocrx_word' id='word_1_232' title='bbox 291 3659 364 3726; x_wconf 55' lang='grc' dir='ltr'><strong>ἤθη.</strong></span> <span class='ocrx_word' id='word_1_233' title='bbox 383 3659 487 3727; x_wconf 77' lang='lat' dir='ltr'><strong>alioqui</strong></span> <span class='ocrx_word' id='word_1_234' title='bbox 510 3661 619 3715; x_wconf 67' lang='lat' dir='ltr'><strong>nudum</strong></span> <span class='ocrx_word' id='word_1_235' title='bbox 638 3667 772 3716; x_wconf 68' lang='lat' dir='ltr'><strong>mactatum</strong></span> <span class='ocrx_word' id='word_1_236' title='bbox 790 3662 873 3716; x_wconf 79' lang='lat' dir='ltr'><strong>nimie</strong></span> <span class='ocrx_word' id='word_1_237' title='bbox 891 3661 1011 3727; x_wconf 79' lang='lat' dir='ltr'><strong>offendit.</strong></span> <span class='ocrx_word' id='word_1_238' title='bbox 1051 3661 1153 3716; x_wconf 80' lang='lat' dir='ltr'><strong>Uersus</strong></span> <span class='ocrx_word' id='word_1_239' title='bbox 1170 3668 1234 3716; x_wconf 74' lang='lat' dir='ltr'><strong>arent</strong></span> <span class='ocrx_word' id='word_1_240' title='bbox 1254 3659 1372 3728; x_wconf 72' lang='lat' dir='ltr'><strong>Uerpr&#39;lit</strong></span> <span class='ocrx_word' id='word_1_241' title='bbox 1397 3663 1442 3728; x_wconf 81' lang='lat' dir='ltr'><strong>(en</strong></span> 
     </span>
     <span class='ocr_line' id='line_1_30' title="bbox 291 3744 1441 3816; baseline 0.003 -18"><span class='ocrx_word' id='word_1_242' title='bbox 291 3745 359 3800; x_wconf 79' lang='lat' dir='ltr'><strong>Aen.</strong></span> <span class='ocrx_word' id='word_1_243' title='bbox 377 3745 422 3800; x_wconf 80' lang='lat' dir='ltr'><strong>nt.</strong></span> <span class='ocrx_word' id='word_1_244' title='bbox 439 3744 523 3812; x_wconf 84' lang='lat' dir='ltr'><strong><em>VIII,</em></strong></span> <span class='ocrx_word' id='word_1_245' title='bbox 540 3747 597 3801; x_wconf 73' lang='lat'><strong>⁷02</strong></span> <span class='ocrx_word' id='word_1_246' title='bbox 611 3746 672 3816; x_wconf 73' lang='lat' dir='ltr'><strong>eq),</strong></span> <span class='ocrx_word' id='word_1_247' title='bbox 691 3747 740 3802; x_wconf 80' lang='lat' dir='ltr'><strong>sed</strong></span> <span class='ocrx_word' id='word_1_248' title='bbox 750 3746 851 3802; x_wconf 81' lang='lat' dir='ltr'><strong>Seneca</strong></span> <span class='ocrx_word' id='word_1_249' title='bbox 869 3763 914 3801; x_wconf 82' lang='lat' dir='ltr'><strong>eos</strong></span> <span class='ocrx_word' id='word_1_250' title='bbox 931 3749 1043 3802; x_wconf 74' lang='lat' dir='ltr'><strong>licenter</strong></span> <span class='ocrx_word' id='word_1_251' title='bbox 1060 3750 1183 3802; x_wconf 65' lang='lat' dir='ltr'><strong>mutauit,</strong></span> <span class='ocrx_word' id='word_1_252' title='bbox 1236 3747 1253 3800; x_wconf 84' lang='grc' dir='ltr'>ὅ</span> <span class='ocrx_word' id='word_1_253' title='bbox 1270 3745 1398 3814; x_wconf 71' lang='lat' dir='ltr'><strong>affectus</strong></span> <span class='ocrx_word' id='word_1_254' title='bbox 1408 3745 1441 3802; x_wconf 66' lang='lat' dir='ltr'><strong>A‘</strong></span> 
     </span>
     <span class='ocr_line' id='line_1_31' title="bbox 358 3829 1439 3902; baseline 0.002 -18"><span class='ocrx_word' id='word_1_255' title='bbox 358 3831 375 3884; x_wconf 76' lang='lat' dir='ltr'><strong>t</strong></span> <span class='ocrx_word' id='word_1_256' title='bbox 393 3829 542 3901; x_wconf 85' lang='lat' dir='ltr'><strong>aspexisse</strong></span> <span class='ocrx_word' id='word_1_257' title='bbox 561 3833 711 3902; x_wconf 87' lang='lat' dir='ltr'><strong>speculum</strong></span> <span class='ocrx_word' id='word_1_258' title='bbox 729 3833 760 3887; x_wconf 83' lang='lat' dir='ltr'><strong>in</strong></span> <span class='ocrx_word' id='word_1_259' title='bbox 777 3850 834 3888; x_wconf 79' lang='lat' dir='ltr'><strong>ros.</strong></span> <span class='ocrx_word' id='word_1_260' title='bbox 852 3832 899 3901; x_wconf 73' lang='lat' dir='ltr'><strong>d⁵3</strong></span> <span class='ocrx_word' id='word_1_261' title='bbox 917 3839 1033 3887; x_wconf 73' lang='lat' dir='ltr'><strong>ceteram</strong></span> <span class='ocrx_word' id='word_1_262' title='bbox 1051 3833 1103 3898; x_wconf 82' lang='lat' dir='ltr'><strong>cfr.</strong></span> <span class='ocrx_word' id='word_1_263' title='bbox 1124 3831 1203 3888; x_wconf 76' lang='lat' dir='ltr'><strong>Ouid</strong></span> <span class='ocrx_word' id='word_1_264' title='bbox 1222 3834 1282 3889; x_wconf 80' lang='lat' dir='ltr'><strong>Art</strong></span> <span class='ocrx_word' id='word_1_265' title='bbox 1302 3831 1361 3900; x_wconf 87' lang='grc' dir='ltr'><em>ΙΙΙ,</em></span> <span class='ocrx_word' id='word_1_266' title='bbox 1379 3833 1439 3888; x_wconf 84' lang='grc'><strong><em>507.</em></strong></span> 
     </span>
    </p>

    <p class='ocr_par' dir='ltr' id='par_1_9' title="bbox 395 3917 1440 3987">
     <span class='ocr_line' id='line_1_32' title="bbox 395 3917 1440 3987; baseline 0.001 -16"><span class='ocrx_word' id='word_1_267' title='bbox 395 3917 426 3971; x_wconf 83' lang='lat'><strong>11</strong></span> <span class='ocrx_word' id='word_1_268' title='bbox 444 3917 664 3987; x_wconf 76' lang='lat' dir='ltr'><strong>macrdosusq3n</strong></span> <span class='ocrx_word' id='word_1_269' title='bbox 695 3919 735 3985; x_wconf 84' lang='lat' dir='ltr'><strong>(in</strong></span> <span class='ocrx_word' id='word_1_270' title='bbox 751 3919 806 3984; x_wconf 68' lang='lat' dir='ltr'><strong>fine</strong></span> <span class='ocrx_word' id='word_1_271' title='bbox 823 3935 923 3974; x_wconf 64' lang='lat' dir='ltr'><strong>nesae</strong></span> <span class='ocrx_word' id='word_1_272' title='bbox 939 3937 977 3975; x_wconf 87' lang='lat' dir='ltr'><strong>ua</strong></span> <span class='ocrx_word' id='word_1_273' title='bbox 995 3917 1078 3984; x_wconf 84' lang='lat' dir='ltr'><strong>erae.)</strong></span> <span class='ocrx_word' id='word_1_274' title='bbox 1095 3918 1129 3976; x_wconf 57' lang='grc' dir='ltr'><em>Μ</em></span> <span class='ocrx_word' id='word_1_275' title='bbox 1232 3919 1265 3973; x_wconf 82' lang='lat'><strong>15</strong></span> <span class='ocrx_word' id='word_1_276' title='bbox 1283 3917 1440 3974; x_wconf 89' lang='lat' dir='ltr'><strong>credideris</strong></span> 
     </span>
    </p>
   </div>
   <div class='ocr_carea' id='block_1_8' title="bbox 291 4015 1440 4384">
    <p class='ocr_par' dir='ltr' id='par_1_10' title="bbox 292 4015 1338 4125">
     <span class='ocr_line' id='line_1_33' title="bbox 292 4015 1338 4125; baseline 0.006 -18"><span class='ocrx_word' id='word_1_277' title='bbox 292 4053 418 4122; x_wconf 75' lang='lat' dir='ltr'><strong>Maduip,</strong></span> <span class='ocrx_word' id='word_1_278' title='bbox 445 4055 567 4123; x_wconf 80' lang='lat' dir='ltr'><strong>idemque</strong></span> <span class='ocrx_word' id='word_1_279' title='bbox 588 4056 652 4122; x_wconf 84' lang='lat' dir='ltr'><strong>fort.</strong></span> <span class='ocrx_word' id='word_1_280' title='bbox 671 4057 812 4125; x_wconf 71' lang='lat' dir='ltr'><strong>eiqnt&#39;ficat</strong></span> <span class='ocrx_word' id='word_1_281' title='bbox 836 4040 937 4120; x_wconf 75' lang='lat' dir='ltr'><strong>credis,</strong></span> <span class='ocrx_word' id='word_1_282' title='bbox 965 4057 1036 4124; x_wconf 83' lang='lat' dir='ltr'><strong>qnod</strong></span> <span class='ocrx_word' id='word_1_283' title='bbox 1057 4056 1079 4113; x_wconf 77' lang='grc' dir='ltr'><strong>Α</strong></span> <span class='ocrx_word' id='word_1_284' title='bbox 1100 4056 1193 4124; x_wconf 60' lang='lat' dir='ltr'><strong>doben</strong></span> <span class='ocrx_word' id='word_1_285' title='bbox 1220 4015 1338 4113; x_wconf 57' lang='lat' dir='ltr'><strong>credit</strong></span> 
     </span>
    </p>

    <p class='ocr_par' dir='ltr' id='par_1_11' title="bbox 291 4141 1440 4384">
     <span class='ocr_line' id='line_1_34' title="bbox 293 4141 1440 4212; baseline 0.001 -19"><span class='ocrx_word' id='word_1_286' title='bbox 293 4141 325 4194; x_wconf 87' lang='lat'><strong>16</strong></span> <span class='ocrx_word' id='word_1_287' title='bbox 351 4145 398 4196; x_wconf 86' lang='lat' dir='ltr'><strong>est</strong></span> <span class='ocrx_word' id='word_1_288' title='bbox 420 4141 519 4196; x_wconf 75' lang='lat' dir='ltr'><strong>addidi</strong></span> <span class='ocrx_word' id='word_1_289' title='bbox 538 4149 570 4196; x_wconf 84' lang='lat' dir='ltr'><strong>nt</strong></span> <span class='ocrx_word' id='word_1_290' title='bbox 592 4159 680 4210; x_wconf 80' lang='lat' dir='ltr'><strong>cupro</strong></span> <span class='ocrx_word' id='word_1_291' title='bbox 695 4159 723 4211; x_wconf 75' lang='lat' dir='ltr'><strong>p.</strong></span> <span class='ocrx_word' id='word_1_292' title='bbox 741 4145 785 4210; x_wconf 77' lang='lat'><strong>31,</strong></span> <span class='ocrx_word' id='word_1_293' title='bbox 804 4145 837 4198; x_wconf 89' lang='lat'><strong>11</strong></span> <span class='ocrx_word' id='word_1_294' title='bbox 864 4141 947 4212; x_wconf 83' lang='lat' dir='ltr'><strong>(quid</strong></span> <span class='ocrx_word' id='word_1_295' title='bbox 964 4157 1034 4212; x_wconf 83' lang='lat' dir='ltr'><strong>ergo</strong></span> <span class='ocrx_word' id='word_1_296' title='bbox 1053 4147 1099 4198; x_wconf 89' lang='lat' dir='ltr'><strong>est</strong></span> <span class='ocrx_word' id='word_1_297' title='bbox 1116 4143 1269 4212; x_wconf 60' lang='lat' dir='ltr'><strong>siqnidem:</strong></span> <span class='ocrx_word' id='word_1_298' title='bbox 1295 4141 1361 4210; x_wconf 80' lang='lat' dir='ltr'><strong>qur&#39;d</strong></span> <span class='ocrx_word' id='word_1_299' title='bbox 1378 4157 1440 4210; x_wconf 71' lang='lat' dir='ltr'><strong>erqo</strong></span> 
     </span>
     <span class='ocr_line' id='line_1_35' title="bbox 292 4224 1440 4298; baseline 0.002 -18"><span class='ocrx_word' id='word_1_300' title='bbox 292 4225 325 4280; x_wconf 84' lang='lat' dir='ltr'><strong>de</strong></span> <span class='ocrx_word' id='word_1_301' title='bbox 344 4224 432 4280; x_wconf 80' lang='lat' dir='ltr'><strong>Sextii</strong></span> <span class='ocrx_word' id='word_1_302' title='bbox 452 4229 586 4281; x_wconf 74' lang='lat' dir='ltr'><strong>sententia</strong></span> <span class='ocrx_word' id='word_1_303' title='bbox 604 4227 643 4294; x_wconf 78' lang='lat' dir='ltr'><strong>fit,</strong></span> <span class='ocrx_word' id='word_1_304' title='bbox 662 4234 687 4282; x_wconf 83' lang='lat' dir='ltr'><strong>et</strong></span> <span class='ocrx_word' id='word_1_305' title='bbox 705 4229 835 4295; x_wconf 74' lang='lat' dir='ltr'><strong>qaornodo</strong></span> <span class='ocrx_word' id='word_1_306' title='bbox 853 4243 881 4282; x_wconf 84' lang='lat' dir='ltr'><strong>ee</strong></span> <span class='ocrx_word' id='word_1_307' title='bbox 900 4245 930 4282; x_wconf 88' lang='lat' dir='ltr'><strong>re</strong></span> <span class='ocrx_word' id='word_1_308' title='bbox 947 4244 1015 4283; x_wconf 78' lang='lat' dir='ltr'><strong>cera</strong></span> <span class='ocrx_word' id='word_1_309' title='bbox 1032 4244 1076 4282; x_wconf 79' lang='lat' dir='ltr'><strong>nea</strong></span> <span class='ocrx_word' id='word_1_310' title='bbox 1093 4225 1206 4295; x_wconf 73' lang='lat' dir='ltr'><strong>habeti)</strong></span> <span class='ocrx_word' id='word_1_311' title='bbox 1300 4227 1440 4298; x_wconf 69' lang='lat' dir='ltr'><strong>speculd.</strong></span> 
     </span>
     <span class='ocr_line' id='line_1_36' title="bbox 291 4311 1440 4384; baseline 0.003 -20"><span class='ocrx_word' id='word_1_312' title='bbox 291 4311 373 4377; x_wconf 85' lang='lat' dir='ltr'><strong>(eros.</strong></span> <span class='ocrx_word' id='word_1_313' title='bbox 388 4330 410 4376; x_wconf 88' lang='grc' dir='ltr'><strong>ε,</strong></span> <span class='ocrx_word' id='word_1_314' title='bbox 428 4319 460 4366; x_wconf 77' lang='lat' dir='ltr'><strong>ut</strong></span> <span class='ocrx_word' id='word_1_315' title='bbox 476 4311 546 4378; x_wconf 77' lang='lat' dir='ltr'><strong>aid.)</strong></span> <span class='ocrx_word' id='word_1_316' title='bbox 564 4311 586 4368; x_wconf 79' lang='grc' dir='ltr'><strong>Α</strong></span> <span class='ocrx_word' id='word_1_317' title='bbox 654 4313 893 4382; x_wconf 72' lang='lat' dir='ltr'><strong>samnitaretd13</strong></span> <span class='ocrx_word' id='word_1_318' title='bbox 911 4313 1096 4382; x_wconf 57' lang='lat' dir='ltr'><strong>eemuimret</strong></span> <span class='ocrx_word' id='word_1_319' title='bbox 1113 4314 1146 4371; x_wconf 61' lang='grc' dir='ltr'>Ν</span> <span class='ocrx_word' id='word_1_320' title='bbox 1217 4315 1248 4369; x_wconf 80' lang='grc'><strong>17</strong></span> <span class='ocrx_word' id='word_1_321' title='bbox 1266 4313 1440 4384; x_wconf 70' lang='lat' dir='ltr'><strong>formonsior</strong></span> 
     </span>
    </p>
   </div>
   <div class='ocr_carea' id='block_1_9' title="bbox 290 4398 1440 4742">
    <p class='ocr_par' dir='ltr' id='par_1_12' title="bbox 291 4398 1438 4486">
     <span class='ocr_line' id='line_1_37' title="bbox 291 4398 1438 4486; baseline 0.003 -17"><span class='ocrx_word' id='word_1_322' title='bbox 291 4411 327 4469; x_wconf 68' lang='grc' dir='ltr'><strong>Αι</strong></span> <span class='ocrx_word' id='word_1_323' title='bbox 348 4417 384 4478; x_wconf 83' lang='lat' dir='ltr'><strong>(ct</strong></span> <span class='ocrx_word' id='word_1_324' title='bbox 400 4413 465 4482; x_wconf 79' lang='lat' dir='ltr'><strong>d¹);</strong></span> <span class='ocrx_word' id='word_1_325' title='bbox 491 4413 647 4471; x_wconf 76' lang='lat' dir='ltr'><strong>formosior</strong></span> <span class='ocrx_word' id='word_1_326' title='bbox 663 4416 697 4474; x_wconf 57' lang='grc' dir='ltr'><strong>ΑΙ*</strong></span> <span class='ocrx_word' id='word_1_327' title='bbox 806 4417 838 4472; x_wconf 84' lang='grc'><strong>18</strong></span> <span class='ocrx_word' id='word_1_328' title='bbox 854 4398 889 4474; x_wconf 71' lang='lat' dir='ltr'><strong>&#39;ee</strong></span> <span class='ocrx_word' id='word_1_329' title='bbox 906 4416 937 4484; x_wconf 77' lang='lat' dir='ltr'><strong>(i.</strong></span> <span class='ocrx_word' id='word_1_330' title='bbox 955 4434 977 4472; x_wconf 81' lang='lat' dir='ltr'><strong>e.</strong></span> <span class='ocrx_word' id='word_1_331' title='bbox 995 4416 1072 4484; x_wconf 85' lang='lat' dir='ltr'><strong>esse)</strong></span> <span class='ocrx_word' id='word_1_332' title='bbox 1090 4433 1176 4486; x_wconf 81' lang='lat' dir='ltr'><strong>snpra</strong></span> <span class='ocrx_word' id='word_1_333' title='bbox 1193 4433 1303 4472; x_wconf 62' lang='lat' dir='ltr'><strong>aarum</strong></span> <span class='ocrx_word' id='word_1_334' title='bbox 1319 4417 1382 4473; x_wconf 83' lang='lat' dir='ltr'><strong>cdd</strong></span> <span class='ocrx_word' id='word_1_335' title='bbox 1401 4417 1438 4473; x_wconf 73' lang='grc' dir='ltr'><strong>Αι</strong></span> 
     </span>
    </p>

    <p class='ocr_par' dir='ltr' id='par_1_13' title="bbox 290 4501 1440 4742">
     <span class='ocr_line' id='line_1_38' title="bbox 392 4501 1440 4572; baseline 0.002 -16"><span class='ocrx_word' id='word_1_336' title='bbox 392 4501 427 4556; x_wconf 79' lang='lat'><strong>20</strong></span> <span class='ocrx_word' id='word_1_337' title='bbox 453 4517 549 4556; x_wconf 88' lang='lat' dir='ltr'><strong>nenas·</strong></span> <span class='ocrx_word' id='word_1_338' title='bbox 570 4501 705 4556; x_wconf 76' lang='lat' dir='ltr'><strong>dubuerat</strong></span> <span class='ocrx_word' id='word_1_339' title='bbox 731 4501 812 4558; x_wconf 81' lang='lat' dir='ltr'><strong>etiam</strong></span> <span class='ocrx_word' id='word_1_340' title='bbox 837 4501 873 4560; x_wconf 61' lang='grc' dir='ltr'><strong>Αἱ</strong></span> <span class='ocrx_word' id='word_1_341' title='bbox 899 4502 931 4556; x_wconf 79' lang='lat' dir='ltr'><strong>in</strong></span> <span class='ocrx_word' id='word_1_342' title='bbox 957 4519 1053 4572; x_wconf 64' lang='lat' dir='ltr'><strong>nerem</strong></span> <span class='ocrx_word' id='word_1_343' title='bbox 1082 4505 1129 4560; x_wconf 84' lang='lat' dir='ltr'><strong>aed</strong></span> <span class='ocrx_word' id='word_1_344' title='bbox 1154 4503 1203 4558; x_wconf 80' lang='lat' dir='ltr'><strong>tec</strong></span> <span class='ocrx_word' id='word_1_345' title='bbox 1230 4505 1352 4572; x_wconf 69' lang='lat' dir='ltr'><strong>mcum,</strong></span> <span class='ocrx_word' id='word_1_346' title='bbox 1381 4519 1440 4558; x_wconf 77' lang='lat' dir='ltr'><strong>mm</strong></span> 
     </span>
     <span class='ocr_line' id='line_1_39' title="bbox 290 4587 1440 4659; baseline 0.004 -20"><span class='ocrx_word' id='word_1_347' title='bbox 290 4587 414 4641; x_wconf 77' lang='lat' dir='ltr'><strong>scissura</strong></span> <span class='ocrx_word' id='word_1_348' title='bbox 437 4588 609 4644; x_wconf 77' lang='lat' dir='ltr'><strong>membranae</strong></span> <span class='ocrx_word' id='word_1_349' title='bbox 631 4589 690 4653; x_wconf 82' lang='lat' dir='ltr'><strong>sere</strong></span> <span class='ocrx_word' id='word_1_350' title='bbox 712 4587 853 4644; x_wconf 75' lang='lat' dir='ltr'><strong>interimet</strong></span> <span class='ocrx_word' id='word_1_351' title='bbox 875 4587 1003 4657; x_wconf 76' lang='lat' dir='ltr'><strong>(manime</strong></span> <span class='ocrx_word' id='word_1_352' title='bbox 1019 4607 1040 4644; x_wconf 93' lang='lat' dir='ltr'><strong>n</strong></span> <span class='ocrx_word' id='word_1_353' title='bbox 1057 4589 1171 4658; x_wconf 80' lang='lat' dir='ltr'><strong>littera),</strong></span> <span class='ocrx_word' id='word_1_354' title='bbox 1193 4604 1267 4644; x_wconf 85' lang='lat' dir='ltr'><strong>mon.</strong></span> <span class='ocrx_word' id='word_1_355' title='bbox 1284 4606 1336 4645; x_wconf 84' lang='lat' dir='ltr'><strong>rec.</strong></span> <span class='ocrx_word' id='word_1_356' title='bbox 1354 4606 1440 4659; x_wconf 81' lang='lat' dir='ltr'><strong>supro</strong></span> 
     </span>
     <span class='ocr_line' id='line_1_40' title="bbox 291 4673 1065 4742; baseline 0.006 -16"><span class='ocrx_word' id='word_1_357' title='bbox 291 4687 400 4726; x_wconf 82' lang='lat' dir='ltr'><strong>nereum</strong></span> <span class='ocrx_word' id='word_1_358' title='bbox 419 4673 576 4740; x_wconf 75' lang='lat' dir='ltr'><strong>odemipsit.</strong></span> <span class='ocrx_word' id='word_1_359' title='bbox 680 4673 715 4728; x_wconf 82' lang='lat'><strong>23</strong></span> <span class='ocrx_word' id='word_1_360' title='bbox 732 4673 881 4742; x_wconf 51' lang='lat' dir='ltr'><strong>reffcidare</strong></span> <span class='ocrx_word' id='word_1_361' title='bbox 899 4675 981 4742; x_wconf 84' lang='lat' dir='ltr'><strong>(erce.</strong></span> <span class='ocrx_word' id='word_1_362' title='bbox 1000 4673 1065 4740; x_wconf 73' lang='lat' dir='ltr'><strong>oid</strong></span> 
     </span>
    </p>
   </div>
   <div class='ocr_carea' id='block_1_10' title="bbox 0 0 1616 5246">
    <p class='ocr_par' dir='ltr' id='par_1_14' title="bbox 0 0 1616 5246">
     <span class='ocr_line' id='line_1_41' title="bbox 0 0 1616 5246; baseline 0 1"><span class='ocrx_word' id='word_1_363' title='bbox 0 0 1616 5246; x_wconf 95' lang='lat' dir='ltr'><strong> </strong></span> 
     </span>
    </p>
   </div>
  </div>
 </body>
</html>
