3182 5252
302 314 367 382 278
529 341 557 382 n.
581 340 698 382 aarum
720 341 855 384 aaaron
877 343 1076 384 nranoeorvu
1097 343 1159 383 nra.
1181 341 1224 382 rr.

184 593 186 598 Ι
303 508 474 592 precarios
502 505 607 574 habet
630 529 787 574 excessus
811 509 1009 595 cogiturque
1031 508 1110 573 uela
1132 504 1344 590 contrahere,
1376 502 1455 569 siue

305 617 415 682 otiosa
435 623 596 701 mutaque
620 623 672 682 est
694 623 729 682 et
750 623 890 704 anguste
912 618 1158 703 circumscepta
1186 615 1258 682 siue
1277 613 1454 699 adaperta,
1569 633 1570 642 ¹

304 725 341 790 in
369 747 580 811 quocumque
608 723 729 791 habitu
757 731 819 811 est,
851 727 999 812 proficit:
1033 725 1116 812 quid
1137 723 1145 809 l
1166 731 1206 789 tu
1226 745 1348 810 purum
1368 719 1455 786 utile

270 841 405 921 Sputas
429 833 618 919 exemplum
638 834 727 900 bene
745 835 973 921 quiescentis?
1015 834 1136 920 Longe
1153 831 1269 918 itaque
1287 831 1456 918 optimum
1569 895 1570 902 ,

305 950 358 1009 est
389 943 531 1008 miscere
565 941 670 1008 otium
702 944 814 1030 rebus,
848 945 1006 1030 quotiens
1040 955 1179 1008 actuosa
1207 939 1279 1004 uita
1308 937 1480 1025 impedi-e

304 1052 429 1117 mentis
450 1049 600 1116 fortuitis
622 1058 681 1116 aut
698 1052 846 1117 ciuitatis
864 1052 1065 1118 condicione
1082 1047 1333 1136 prohibebitur3
1356 1069 1456 1112 num-

308 1182 409 1246 quam
440 1159 528 1228 enim
556 1181 664 1244 usque
695 1182 735 1226 eo
762 1160 948 1227 interclusa
975 1165 1054 1226 sunt
1076 1157 1197 1240 omnia,
1231 1165 1271 1224 ut
1291 1155 1375 1222 nulli
1398 1177 1455 1221 ac·

304 1268 392 1334 tioni
412 1267 508 1334 loeus
530 1265 695 1333 honestae
717 1269 771 1334 sit.

272 1388 288 1441 1
391 1376 433 1442 V.
478 1375 650 1462 Numquid
670 1385 769 1463 potes
791 1377 944 1443 inuenire
966 1378 1085 1444 urbem
1107 1375 1326 1458 miseriorem,
1352 1393 1455 1458 quam

308 1483 569 1550 Atheniensium
591 1482 664 1570 fixit,
695 1508 771 1551 cum
792 1484 885 1552 illam
907 1488 1047 1574 triginta
1068 1484 1207 1572 tyranni
1229 1480 1489 1549 diuellerent?1o
1569 1495 1570 1508 ³

306 1592 401 1659 Mille
431 1600 604 1660 trecentos
633 1595 735 1679 ciues,
770 1596 934 1681 optimum
962 1617 1139 1681 quemque,
1173 1591 1369 1659 occiderant
1389 1610 1453 1652 nec

307 1701 410 1768 finem
437 1700 517 1768 ideo
544 1700 727 1788 faciebant,
761 1703 823 1768 sed
849 1703 1012 1769 inritabat
1038 1725 1075 1769 se
1102 1702 1178 1788 ipsa
1205 1697 1359 1765 saeuitia
1411 1695 1453 1760 In
1569 1711 1570 1716 ’

308 1832 375 1896 qua
407 1810 545 1876 ciuitate
580 1817 652 1876 erat
673 1809 783 1877 Areos
812 1834 931 1899 pagos,
964 1810 1254 1898 religiosissimum
1280 1806 1452 1886 iudicium,
1569 1877 1570 1920 1

307 1919 343 1983 in
371 1941 438 2004 qua
466 1923 605 1984 senatus
632 1919 846 2005 populusque
875 1927 997 1987 senatu
1024 1919 1160 2002 similis,n
1186 1916 1301 1982 coibat
1329 1913 1452 1980 cotidie
1569 1929 1570 2008 l

311 2027 506 2093 carnificum
538 2027 636 2092 triste
670 2027 852 2114 collegium
886 2036 921 2095 et
946 2027 1065 2094 infelix
1093 2025 1186 2092 curia
1213 2024 1366 2112 tyrannis
1393 2046 1450 2088 an·
1463 2041 1487 2078 ¹⁵

308 2135 515 2221 gustabatur:
549 2141 730 2222 poteratne
752 2135 811 2202 illa
833 2137 954 2203 ciuitas
976 2136 1225 2222 conquiescere,
1254 2133 1290 2198 in
1313 2153 1379 2218 qua
1399 2135 1452 2196 tot
1569 2157 1570 2218 j

307 2243 444 2328 tyranni
470 2249 574 2327 erant,
608 2251 691 2328 quot
722 2246 827 2326 (sota)
856 2243 1021 2310 satellites
1044 2243 1181 2310 essent?
1212 2264 1256 2307 ne
1279 2263 1357 2328 spes
1380 2239 1450 2325 qui-

314 2350 391 2416 dem
418 2350 487 2416 ulla
508 2351 723 2438 recipiendae
745 2351 912 2418 libertatis
935 2352 1055 2417 animis
1076 2355 1212 2437 poterat
1234 2347 1357 2433 offerri,
1388 2369 1450 2413 nec

310 2459 370 2524 ulli
392 2458 542 2525 remedio
563 2459 659 2526 locus
682 2461 868 2548 apparebat
890 2467 1009 2527 eontra
1030 2466 1162 2526 tantam
1182 2458 1253 2524 uim
1273 2457 1449 2524 malorum:

274 2567 398 2633 tunde
438 2569 527 2633 enim
565 2569 707 2634 miserae
747 2569 879 2636 ciuitati
915 2575 969 2635 tot
1001 2567 1230 2634 Harmodios?
1295 2565 1483 2632 Socratesw

307 2683 423 2741 tamen
455 2677 490 2741 in
519 2677 632 2744 medio
664 2685 736 2744 erat
754 2685 801 2764 et
828 2678 976 2764 lugentis
1005 2684 1121 2764 patres
1150 2673 1389 2742 consolabatur
1417 2679 1450 2738 et

310 2784 520 2871 desperantis
551 2785 593 2852 de
622 2809 660 2850 re
686 2786 825 2872 publica
853 2785 1095 2851 exhortabatur
1123 2789 1157 2850 et
1184 2781 1349 2848 diuitibus
1372 2803 1448 2868 opes

308 2915 386 2958 suas
413 2892 643 2960 metuentibus
672 2895 900 2981 exprobrabat
928 2917 1037 2960 seram
1058 2891 1269 2979 periculosae
1292 2890 1449 2956 auaritiae

309 3001 554 3086 paenitentiam
582 3009 617 3066 et
642 3003 768 3068 imitari
795 3003 989 3068 uolentibus
1008 3024 1173 3088 magnum
1194 2997 1450 3066 circumferebat

312 3109 498 3196 exemplar,
545 3132 621 3175 cum
657 3109 748 3174 inter
785 3111 927 3197 triginta
964 3110 1118 3176 dominos
1150 3108 1238 3174 liber
1269 3108 1448 3174 incederet.
1461 3123 1482 3160 2⁵

275 3216 412 3281 3Hunc
440 3223 555 3282 tamen
575 3217 734 3283 Athenae
756 3219 851 3305 ipsae
872 3219 909 3282 in
932 3239 1067 3284 carcere
1090 3217 1297 3300 occidenmt,
1332 3223 1376 3300 et,
1398 3215 1450 3301 qui

317 3330 392 3390 tuto
414 3324 638 3392 insultauerat
660 3326 786 3413 agmini
805 3333 1036 3413 tyrannorum,
1059 3327 1126 3391 eius
1142 3325 1339 3390 libertatem
1354 3324 1449 3389 liber·

311 3667 326 3719 1
353 3665 467 3735 poarics
485 3666 507 3723 A
609 3669 626 3722 2
651 3674 776 3738 anguste
793 3669 895 3735 scripsi
912 3666 989 3723 stud.
1007 3670 1066 3722 en't
1084 3669 1101 3722 1.
1120 3668 1147 3733 t,
1169 3681 1251 3735 quum
1271 3673 1367 3720 notum
1388 3666 1450 3720 orire

309 3751 386 3806 mode
404 3751 481 3807 Koch
499 3753 573 3822 ἱερῆς
597 3752 763 3823 angmtoA
865 3751 1015 3822 Sproflcit
1033 3752 1143 3820 scripum
1169 3750 1261 3821 proiit
1278 3750 1311 3820 A;
1339 3749 1450 3821 prodest

311 3851 392 3891 nonu.
411 3833 433 3894 l)
451 3845 477 3892 ct
493 3855 536 3907 up.
554 3839 619 3892 iude
636 3838 780 3908 anano,
798 3841 860 3894 item
869 3837 997 3907 Maduiy.
1055 3837 1125 3907 quid
1143 3841 1176 3891 tu
1192 3834 1222 3906 A,
1240 3843 1272 3891 ut
1288 3833 1452 3905 interponat

315 3920 488 3992 traaucem
511 3923 600 3993 qnid?
618 3928 651 3978 tu
668 3941 712 3994 up.
815 3926 832 3980 6
849 3922 1051 3994 prohibebitur
1069 3923 1104 3991 A;
1121 3922 1293 3992 prohibetur
1310 3939 1355 3991 oq.

311 4007 343 4060 10
370 4006 691 4076 tiranniltlissellerent
716 4009 794 4068 A¹·¹
909 4010 942 4063 12
967 4006 1074 4063 seuitia
1099 4006 1121 4065 A
1234 4008 1267 4062 14
1292 4012 1399 4062 senatu
1423 4005 1452 4078 A;

312 4093 428 4149 senatui
445 4113 502 4164 upa
520 4112 558 4149 on
576 4101 696 4151 senatus
714 4097 824 4151 acrba?
910 4095 943 4149 15
960 4093 1085 4149 tirannis
1101 4091 1123 4150 A
1142 4094 1217 4160 (item
1234 4093 1332 4148 deiude
1350 4091 1452 4147 tiranni

310 4189 335 4234 et
352 4198 377 4235 u.
397 4185 436 4238 27
452 4181 610 4248 tirannou).
680 4183 893 4252 angustabatur
909 4181 1011 4250 ambri
1027 4179 1105 4234 stou.
1123 4181 1182 4234 m't
1200 4179 1216 4234 L
1235 4179 1267 4245 1.;
1294 4184 1418 4248 ungusta
1433 4177 1454 4233 A

412 4321 445 4374 17
472 4269 550 4390 quoii
567 4317 646 4376 A²·¹
752 4318 825 4374 satis
844 4319 906 4374 odet
924 4317 1044 4385 Matuta
1069 4317 1130 4384 (sat
1147 4315 1301 4370 dmum
1317 4320 1454 4371 emat

310 4455 440 4525 Lipsiae)
570 4457 605 4510 20
630 4455 736 4512 misere
754 4456 783 4522 A,
802 4471 869 4510 corr.
889 4471 932 4524 oq.
1052 4411 1340 4534 2llugentisA1·¹

311 4579 346 4632 22
369 4577 437 4633 dere
456 4559 495 4633 ‚P
513 4577 535 4633 A
638 4575 672 4631 23
689 4592 785 4630 serum
801 4593 858 4645 πμ
876 4575 969 4632 feram
987 4575 1008 4631 A
1093 4573 1127 4628 24
1145 4571 1336 4642 penitentiam
1354 4570 1374 4627 A

313 4663 346 4717 27
365 4662 427 4717 eius
445 4677 527 4718 nono.
544 4658 566 4719 D
585 4668 611 4720 et
627 4678 686 4730 uo.;
705 4660 778 4716 ciuis
797 4660 818 4716 A
