3286 5244
277 367 310 425 II

277 555 439 630 quisiuisse
472 553 596 626 scirem,
631 571 697 610 meo
730 551 804 622 iure,
839 557 872 608 ut
906 552 1020 629 opinor,
1056 551 1242 616 confidebam
1274 556 1339 616 fieri
1372 559 1422 616 uix

277 657 422 734 potuisse,
457 665 491 714 ut
519 673 574 731 ego
603 673 749 724 errarem;
785 674 801 712 e
829 655 979 712 contrario
1002 655 1053 731 qui
1075 657 1167 715 talem
1190 678 1321 718 errorem
1344 679 1423 718 com-

275 761 394 818 mittere
421 759 580 837 potuisset,
614 765 649 816 ut
676 757 707 816 in
736 776 817 816 cous.
842 757 880 816 ad
903 757 998 817 Marc.
1025 762 1053 834 l,
1083 761 1102 818 8
1136 761 1177 837 (p.
1203 763 1274 837 165,
1297 765 1317 821 4
1338 783 1423 822 meae

276 862 417 922 editionis
441 887 478 906 ==
502 883 531 939 p.
558 862 627 934 122,
654 864 692 919 14
716 859 786 920 edit.
810 859 920 932 Koch.)
952 861 1011 922 duo
1034 864 1137 938 uerba,
1170 884 1199 940 q.
1224 885 1249 924 s.
1273 866 1424 936 difficilius

277 971 431 1036 curantur,
461 986 479 1023 a
501 963 605 1023 codice
627 965 828 1022 Ambrosiano
852 965 959 1024 abesse
983 987 1145 1043 eorumque
1167 987 1223 1026 nec
1246 967 1346 1027 uolam
1368 987 1423 1026 nec

276 1069 437 1144 uestigium
470 1060 630 1146 superesse
663 1087 723 1127 non
756 1067 873 1126 uideret
901 1077 991 1144 atque
1019 1070 1143 1149 insuper
1171 1091 1218 1130 me
1246 1071 1424 1131 temeritatis

277 1179 426 1250 argueret,
461 1169 542 1247 quod
574 1171 649 1229 haec
681 1170 775 1229 uerba
808 1190 930 1230 sensum
963 1171 1022 1232 loci
1054 1173 1185 1251 pessime
1215 1174 1424 1253 perturbantia

276 1274 412 1335 eiciendo
444 1293 512 1333 esse
545 1273 718 1351 auspicatus
751 1292 859 1350 essem,
894 1295 970 1351 quae
1004 1269 1139 1353 suspicio
1167 1277 1276 1355 optimi
1310 1275 1423 1335 codicis

276 1379 446 1439 testimonio
470 1376 711 1451 confirmabatur,
746 1377 818 1453 quid
842 1377 880 1438 de
903 1379 967 1438 eius
989 1379 1019 1436 iu
1043 1379 1244 1458 comparando
1269 1378 1424 1456 diligentia

276 1481 403 1541 iudicari
425 1479 575 1540 debebat?
619 1481 684 1541 Nec
707 1480 806 1558 opinio
829 1501 876 1540 me
899 1480 1017 1540 fefellit.

362 1584 440 1644 Nam
474 1603 550 1643 anno
587 1585 678 1658 1882,
713 1603 780 1642 cum
814 1586 943 1644 summi
977 1584 1194 1662 Miniatorii,
1229 1586 1310 1664 quod
1343 1586 1424 1665 apud

277 1707 333 1749 nos
371 1708 470 1746 rerum
510 1686 784 1746 ecclesiasticarum
824 1695 854 1746 et
893 1688 1141 1748 scholasticarum
1174 1689 1425 1749 administrationi

277 1799 407 1869 praeeat,
442 1791 562 1868 egregia
585 1789 765 1849 liberalitate
788 1790 918 1865 adiutus,
950 1811 1039 1867 quam
1061 1791 1110 1850 hic
1131 1793 1303 1870 grafissimo
1327 1793 1425 1853 animo

278 1914 493 1969 commemoro,
537 1895 593 1952 hoc
631 1893 698 1972 ipso
733 1893 857 1953 consilio
891 1893 1096 1955 Mediolanum
1128 1896 1238 1954 iterum
1269 1895 1425 1975 profectus

279 2017 388 2073 essem,
422 2004 456 2055 ut
481 1996 603 2074 plenam
633 2004 663 2054 et
684 1996 851 2074 perfectam
875 1997 988 2056 codicis
1010 1999 1204 2058 Ambrosiam
1227 1997 1425 2058 conlationem

279 2103 310 2161 in
335 2121 423 2162 usum
452 2098 593 2159 editionis
622 2093 809 2174 conficerem,
843 2101 971 2178 primum
997 2101 1029 2160 in
1057 2101 1100 2160 eis
1128 2101 1223 2176 libris,
1258 2102 1288 2162 in
1316 2103 1425 2178 quibus

278 2205 338 2266 iam
372 2213 461 2264 antea
494 2203 627 2262 codicem
655 2223 722 2263 oum
750 2203 858 2262 Haaeii
884 2203 1014 2263 editione
1043 2223 1303 2283 comparaueram,
1337 2205 1426 2282 longe

279 2307 415 2386 plurimis
450 2307 524 2366 locis
552 2326 649 2366 meam
678 2306 878 2366 conlationem
905 2305 1081 2366 Kochianae
1108 2314 1265 2386 praestare
1292 2327 1327 2367 ac
1355 2327 1427 2366 nera

280 2411 432 2471 continere
460 2409 537 2483 uidi;
572 2409 681 2469 deinde
708 2410 738 2468 in
761 2410 871 2468 ceteris
893 2429 1012 2485 quoque
1034 2411 1120 2470 libris
1142 2411 1253 2470 totiens
1276 2409 1427 2469 Kochium

280 2533 398 2576 errasse
422 2511 630 2585 animaduerti,
653 2520 688 2570 ut
710 2520 741 2572 et
763 2533 819 2590 ego
842 2521 873 2571 et
896 2513 1009 2572 amicus
1032 2533 1127 2588 meua,
1151 2514 1201 2590 qui
1224 2521 1289 2572 tum
1310 2533 1426 2572 mecum

280 2619 368 2678 simul
397 2617 429 2674 in
456 2615 640 2675 bibliothece
667 2616 869 2676 Ambrosiana
897 2617 1085 2689 cernebatur,
1121 2616 1276 2675 Gustauus
1304 2617 1426 2690 Loewe‚

281 2741 339 2797 quo
369 2719 457 2780 modo
485 2717 541 2777 hoc
569 2717 634 2777 fieri
662 2719 821 2796 potuisset,
854 2720 944 2780 ualde
966 2721 1143 2780 miraremur
1175 2719 1336 2790 (interdum
1360 2739 1428 2778 cum

281 2825 353 2899 risu,
377 2823 460 2882 uelut
481 2821 512 2880 in
535 2841 570 2880 eo
592 2822 668 2897 loco,
692 2822 743 2898 qui
765 2843 794 2901 p.
816 2824 886 2896 136,
910 2825 929 2882 3
952 2823 1121 2903 reperitur).

367 2924 428 2984 Sed
460 2923 530 2983 nolo
564 2925 724 3000 quicquam
757 2927 880 3003 grauius
913 2927 943 2986 in
976 2927 1073 2986 uirum
1106 2928 1257 2986 mortuum
1290 2946 1345 2986 nec
1374 2945 1429 2984 sua

281 3029 370 3090 lande
403 3027 581 3088 destitutum
615 3028 724 3104 dicere,
759 3049 795 3088 eo
827 3031 926 3089 minus
959 3029 1050 3106 quod,
1084 3037 1117 3088 ut
1150 3037 1219 3089 ante
1250 3027 1321 3102 dixi,
1355 3029 1428 3103 scio,

283 3141 428 3208 quantum
458 3128 648 3190 difficultatis
681 3132 729 3191 hic
762 3133 848 3192 labor
876 3133 1067 3213 comparandi
1095 3133 1216 3207 habeat,
1249 3131 1430 3211 praesertim

283 3237 308 3296 si
328 3236 395 3312 quis
412 3254 471 3293 non
489 3234 578 3293 ualde
595 3237 777 3294 exercitatus
801 3235 839 3294 ad
856 3257 924 3295 eum
941 3237 1113 3312 accesserit,
1136 3235 1247 3295 nedum
1264 3237 1430 3295 Iohannem

283 3339 473 3413 Vahlenium,
497 3339 547 3414 qui
570 3337 731 3397 editionem
743 3338 853 3397 Kochii
876 3347 970 3398 morte
993 3341 1191 3417 interruptam
1214 3339 1430 3399 absoluendam

284 3443 411 3516 curauit,
444 3441 584 3499 incusare
612 3460 753 3517 umquam
783 3441 854 3500 mihi
877 3442 908 3500 in
930 3451 1060 3502 mentem
1083 3439 1186 3501 uenire
1207 3443 1320 3520 poesit;
1355 3443 1430 3502 haec

283 3554 400 3604 tantum
423 3543 531 3618 dicam,
566 3563 642 3620 quae
664 3543 765 3603 dicere
787 3564 835 3603 me
857 3564 982 3604 necesse
1005 3553 1061 3621 est,
1096 3553 1130 3604 ut
1152 3546 1309 3605 consilium
1331 3566 1431 3605 meum

283 3657 345 3708 tam
378 3649 463 3707 breui
496 3655 566 3725 post
595 3645 746 3707 Kochinm
775 3649 831 3707 hos
861 3647 953 3708 libros
983 3651 1091 3708 iterum
1121 3649 1230 3708 edendi
1259 3647 1430 3709 defendam.

284 3751 382 3810 Multa
403 3751 495 3828 igitur
517 3748 654 3808 Kochius
676 3769 736 3808 non
758 3759 840 3810 recte
862 3751 950 3828 legit;
985 3753 1079 3811 multa
1101 3752 1190 3830 plane
1212 3753 1429 3831 praetermisit;

285 3854 378 3914 multa
405 3854 519 3913 rasuris
547 3853 705 3929 liturieque
733 3855 895 3914 obscurata
922 3873 977 3914 nec
1006 3865 1107 3915 tamen
1134 3857 1187 3930 ita,
1222 3863 1256 3914 ut
1283 3875 1342 3915 non
1365 3855 1430 3914 dili-

285 3958 405 4036 gentius
436 3955 603 4015 attendenti
624 3957 722 4035 prima
744 3957 896 4036 scriptum
918 3959 1009 4017 certis
1032 3958 1170 4034 uestigiis
1193 3959 1293 4036 colligi
1316 3967 1430 4036 posset,
1468 4035 1470 4042 Α

285 4061 386 4138 legere
419 4069 472 4118 aut
504 4079 563 4117 uon
591 4061 689 4137 potuit
717 4069 769 4120 aut
796 4081 855 4120 non
884 4062 1001 4120 curauit
1033 4053 1151 4131 (et'hic
1178 4062 1306 4121 maxime
1334 4061 1430 4134 doleo,

286 4163 367 4240 quod
394 4162 491 4222 Italos
514 4161 647 4221 I'ickerti
677 4165 846 4223 conlatoree
875 4183 905 4242 p.
928 4163 1014 4222 XIII
1042 4171 1073 4223 et
1099 4163 1210 4223 XXIV
1237 4183 1333 4242 paene
1361 4162 1431 4222 falsi

286 4265 445 4340 incusauit,
480 4265 560 4341 quod
584 4285 617 4324 se
640 4285 675 4324 ea
698 4266 812 4324 indiese
835 4265 992 4341 dixissent,
1017 4287 1093 4343 quae
1116 4268 1235 4326 omnino
1258 4287 1316 4326 non
1340 4287 1431 4345 appa-

286 4377 401 4442 rerent;
436 4369 526 4427 immo
559 4369 665 4427 horum
698 4369 850 4428 hominum
884 4369 1083 4430 conlationem
1110 4371 1141 4428 in
1168 4369 1224 4428 hac
1252 4369 1372 4446 quidem
1400 4389 1432 4428 re

287 4470 446 4530 Kochiane
477 4471 629 4530 meliorem
652 4489 720 4530 esse
744 4470 895 4531 affirmare
918 4491 1052 4550 possum,
1087 4473 1224 4549 quamuis
1247 4473 1290 4532 illi
1314 4493 1432 4549 quoque

287 4573 437 4634 interdurn
467 4575 658 4648 emanarint),
693 4583 851 4652 praeterea
881 4595 926 4650 ea,
961 4595 1037 4650 quae
1066 4574 1103 4633 de
1132 4575 1245 4635 codicis
1274 4575 1433 4655 scripturis

288 4677 398 4754 attulit,
422 4675 598 4754 saepissime
621 4697 656 4735 eo
678 4677 797 4736 nomine
819 4677 955 4737 laborare
979 4677 1051 4736 mihi
1073 4677 1223 4754 uidentur,
1248 4677 1328 4756 qnod
1343 4677 1433 4737 nimis
