3182 5252
243 391 306 456 332
474 419 501 457 n.
526 417 643 458 aursni
665 419 802 458 suuncac
823 417 1023 460 nrtnoocavu
1047 419 1106 458 urs.
1131 419 1161 458 x.

242 580 420 646 interiacet
443 603 542 646 omne
565 589 699 669 tempus
721 605 827 669 moue
850 589 911 668 est,
934 589 1004 665 tam
1020 581 1258 667 mehercules,
1281 605 1393 668 quam,

244 711 320 754 cum
343 688 416 754 dies
439 691 586 756 muneris
609 691 805 777 gladiatorii
827 691 959 758 edictus
983 699 1045 772 est,
1069 697 1128 756 aut
1151 713 1226 756 cum
1250 691 1394 756 alicuius

245 798 382 863 alterius
412 797 467 864 uel
497 799 681 886 spectaculi
710 801 766 866 uel
796 800 982 887 uoluptatis
1006 807 1205 887 expectatur
1228 800 1392 864 constitu-

209 915 324 990 4tum,
359 907 527 972 transilire
555 909 685 976 medios
714 911 786 976 dies
816 909 946 975 uolunt.
1003 909 1120 974 Omnis
1148 908 1214 974 illis
1237 921 1395 995 speratae

243 1016 291 1082 rei
314 1015 418 1102 longa
441 1015 558 1082 dilatio
577 1024 643 1084 ost:
668 1027 702 1084 at
718 1019 802 1084 illud
819 1025 962 1105 tempus,
987 1017 1078 1104 quod
1097 1021 1264 1102 damnant,
1287 1017 1424 1087 breues

244 1131 297 1190 est
319 1133 354 1188 et
375 1147 550 1211 praecepa,
584 1125 788 1212 breuiusque
811 1127 917 1192 multo
940 1149 1001 1192 suo
1024 1127 1107 1192 uitio
1137 1125 1299 1209 (senaab
1334 1125 1395 1190 ali-

243 1232 335 1298 unde
359 1233 448 1298 enim
470 1233 536 1299 alio
559 1235 790 1322 transfirgiunt
813 1243 848 1301 et
865 1235 1052 1302 consistere
1069 1235 1105 1300 in
1122 1257 1190 1300 una
1205 1235 1396 1321 *cupiditate

209 1348 313 1406 bnon
345 1349 497 1428 possunt.
553 1343 629 1410 Non
663 1322 742 1410 sunt
773 1345 841 1411 illis
874 1345 968 1430 longi
999 1344 1082 1426 dies,
1117 1343 1178 1408 sed
1207 1343 1323 1426 inuisi;
1360 1351 1397 1408 at

244 1457 364 1516 contra
393 1473 494 1535 quam
524 1454 665 1540 exiguae
692 1461 813 1520 noctes
843 1453 1016 1535 uidentur,
1050 1475 1133 1538 quas
1162 1452 1197 1518 in
1226 1451 1396 1538 conplexu

244 1565 433 1624 scortorum
462 1567 520 1626 aut
546 1562 626 1627 uino
656 1563 812 1647 exigunt!
867 1561 952 1628 Inde
977 1561 1079 1626 etiam
1101 1567 1278 1647 poctarum
1299 1559 1396 1625 furor
1411 1595 1440 1630 ιο

243 1665 368 1733 fabulis
391 1667 555 1734 humanos
579 1693 709 1736 errores
728 1671 899 1754 alentium,
924 1671 1046 1756 quibus
1064 1673 1157 1735 uisus
1177 1669 1396 1756 estluppiter

243 1776 420 1863 uoluptate
452 1779 652 1844 concubitus
687 1779 855 1845 delenitus
889 1780 1080 1866 duplicasse
1114 1787 1265 1844 noctem:
1311 1778 1396 1862 quid

244 1885 336 1951 aliud
359 1893 411 1951 est
433 1886 516 1952 uitia
538 1895 655 1953 nostra
677 1888 860 1954 incendere
883 1911 985 1974 quam
1007 1894 1163 1954 auctores
1186 1887 1252 1952 illis
1274 1887 1394 1952 inscri-

244 1994 325 2060 bere
356 1994 439 2060 deos
470 2001 504 2060 et
535 1996 616 2062 dare
645 1995 764 2064 morbo
796 1997 949 2084 exemplo
980 1997 1167 2062 diuinitatis
1198 2001 1395 2062 excusatam

243 2102 438 2170 licentiam?
492 2105 642 2171 Possunt
674 2107 750 2172 istis
779 2129 849 2172 non
875 2106 1097 2172 breuissimae
1127 2105 1236 2171 uideri
1263 2111 1438 2188 noctes,1a

245 2235 328 2296 quas
356 2220 427 2279 tam
456 2236 532 2278 care
561 2216 776 2281 mercantur?
809 2215 899 2281 diem
921 2216 1034 2281 noctis
1057 2214 1395 2302 expectatione'per·

245 2321 339 2406 dunt,
362 2329 500 2388 noctem
521 2323 606 2388 lucis
629 2331 731 2388 metu.

211 2433 225 2486 l
328 2430 443 2496 XVII.
488 2431 587 2517 Ipsoe
610 2432 803 2518 uoluptates
827 2453 943 2498 eorum
966 2431 1119 2518 trepidae
1142 2437 1178 2496 et
1200 2430 1302 2496 uariis
1324 2437 1394 2494 ter·

243 2538 376 2604 roribus
408 2540 578 2625 inquietae
612 2547 691 2606 sunt
723 2539 881 2626 subitque
909 2561 986 2605 cum
1014 2539 1158 2605 maxime
1193 2537 1395 2604 exsultantis

245 2647 391 2713 sollicita
424 2649 601 2733 cogitatio:
649 2648 753 2734 „haec
786 2671 886 2734 quam
920 2648 978 2714 diu
988 2646 1023 2714 ?“
1079 2647 1133 2712 Ab
1167 2647 1233 2713 hoe
1267 2646 1394 2712 affectu
1408 2679 1437 2716 ao

225 2811 228 2818 .
244 2779 345 2842 reges
368 2779 462 2822 suam
474 2757 601 2824 flauere
619 2757 819 2844 potentiam,
841 2781 905 2824 neo
923 2757 1001 2824 illos
1018 2756 1217 2843 magnitudo
1233 2741 1393 2821 fortunae

245 2887 326 2930 suae
361 2864 560 2950 delectauit,
601 2866 662 2932 sed
695 2873 859 2931 uenturus
894 2865 1074 2952 aliquando
1108 2865 1186 2930 finis
1220 2864 1392 2931 exterruit.

209 2973 330 3040 tcum
363 2995 424 3060 per
456 2997 581 3061 magno
613 2997 809 3062 camporum
842 2975 953 3061 spatio
984 2975 1176 3061 ponigeret
1208 2973 1394 3040 exercitum

243 3105 308 3148 nec
336 3104 513 3148 numerum
542 3083 614 3150 eius
643 3084 704 3150 sed
726 3105 918 3149 mensuram
942 3083 1192 3170 conprenderet
1212 3083 1394 3148 Persarum

245 3293 297 3300 -
321 3293 341 3300 ι..
348 3293 473 3300 ---.-—-—

247 3419 396 3483 liuline&
416 3427 449 3484 Αδ
466 3421 502 3494 (li
520 3427 551 3481 in
568 3427 637 3492 roe.)
689 3427 853 3482 2muneris
871 3426 897 3482 .i.
916 3425 1007 3482 officii
1024 3430 1055 3480 in
1072 3443 1123 3495 my.
1142 3426 1175 3483 Al
1231 3425 1303 3482 3ex
1312 3443 1392 3495 spoc-

245 3513 624 3580 resurrectionem
640 3513 704 3567 add.
722 3514 758 3568 ol.
776 3513 820 3574 m.)
929 3512 1109 3569 dtransilire
1127 3513 1160 3568 A⁶
1268 3519 1393 3581 sperate

245 3597 306 3665 ,rei
325 3597 371 3662 Ab
389 3605 507 3666 sperata
524 3599 585 3653 arei
604 3599 634 3656 A'
739 3601 832 3654 dest.
869 3599 909 3652 At
927 3597 999 3652 illud
1016 3604 1141 3667 tempus,
1159 3597 1237 3667 quod
1254 3597 1394 3652 damnant

246 3683 368 3752 Modesto
394 3685 456 3748 (eet.
492 3685 533 3738 At
555 3681 628 3740 illud
650 3691 780 3753 tempus,
808 3683 884 3753 quod
909 3691 1008 3738 amant
1026 3681 1180 3750 Muretus);
1207 3689 1259 3738 est.
1283 3681 1393 3737 adillud

245 3775 367 3837 tempus.
387 3769 464 3838 quod
482 3769 592 3826 emanti
610 3770 645 3838 Α;
673 3777 718 3825 est
736 3770 774 3825 sd
791 3769 809 3824 i.
828 3777 858 3836 t,
877 3787 903 3840 q.
923 3769 1034 3824 amanti
1052 3769 1111 3824 eda.
1130 3775 1193 3824 onte
1213 3767 1352 3822 Murem
1369 3775 1395 3822 rt

245 3855 379 3924 medam
397 3857 562 3910 recentiores.
652 3855 801 3910 ssfociunt
819 3855 881 3909 odd.
909 3853 1067 3923 Wermbem
1084 3856 1145 3924 (qui
1163 3856 1243 3908 etiam
1262 3853 1295 3908 dc
1312 3853 1393 3906 uerbo

245 3941 279 3996 fit
296 3948 359 3996 onte
376 3940 450 3996 uitio
468 3941 612 3996 imermdo
630 3943 807 4010 eoyitouerct,
830 3941 902 4009 qaod
920 3940 1138 3996 namucense
1156 3957 1208 3994 suo
1226 3939 1392 3994 addiderat).

312 4077 664 4145 sillisrruretus3i11it
733 4029 875 4147 adcontra
890 4077 960 4134 ΑΜ
1031 4080 1060 4131 11
1080 4077 1209 4132 alentifis
1226 4077 1320 4142 (eroco
1337 4092 1393 4129 cac

244 4165 344 4229 littera,
363 4165 441 4218 ocius
459 4164 515 4218 Ioco
532 4171 661 4232 muctam
677 4163 774 4232 poscit
790 4162 935 4228 corrector)
955 4163 975 4220 Α
1073 4164 1104 4218 13
1121 4163 1195 4218 aliut
1213 4162 1253 4224 ΑΗ
1273 4179 1343 4216 corr.
1361 4161 1393 4218 A*

333 4249 363 4304 17
381 4267 419 4318 sq.
438 4255 526 4304 metu.
562 4249 646 4320 Ipsae
666 4267 723 4320 uq.;
735 4245 922 4320 'motusipse
941 4249 1010 4306 Α’-9
1105 4249 1138 4302 19
1156 4247 1331 4304 exsultantis
1349 4245 1392 4314 Ab

401 4345 413 4376 0

245 4389 429 4456 exsultantes
447 4387 480 4443 Α3
498 4387 535 4452 (2²)
646 4388 679 4441 21
706 4386 876 4456 magnitudo
894 4403 952 4456 uy.;
980 4385 1210 4456 magnitudinem
1229 4386 1257 4450 A,
1289 4386 1320 4438 in
1343 4399 1393 4452 ouo

245 4473 415 4544 magnitudo
434 4467 518 4528 inlini
537 4475 621 4528 latere
639 4476 777 4542 suspicor,-
806 4488 965 4540 comparare
982 4459 1076 4540 possis
1094 4471 1136 4526 eri
1155 4487 1270 4540 semper
1288 4469 1392 4524 lenitas

246 4561 321 4629 opud
341 4561 401 4614 Ter.
421 4561 509 4613 Andr.
527 4560 590 4626 175;
614 4559 741 4628 pariam
760 4558 872 4614 cineres
890 4576 970 4613 meos
987 4557 1046 4612 Son.
1066 4557 1183 4613 Pboedr.
1201 4557 1266 4625 87ος
1285 4554 1392 4611 nostris

246 4645 304 4700 iam
322 4645 406 4700 malis
419 4643 498 4700 Ouid.
510 4646 534 4700 Τ
532 4645 593 4700 rint
605 4645 627 4710 1,
646 4649 673 4710 2,
691 4645 726 4700 ⁷0
743 4651 769 4699 et
785 4646 870 4699 multo
890 4644 1007 4711 similim
1025 4645 1057 4698 de
1075 4643 1193 4698 interim
1204 4641 1391 4711 ..aliquando

247 4731 302 4784 reid.
321 4730 480 4798 Nipperdey
498 4731 536 4783 od
556 4730 616 4784 Tac.
635 4731 707 4784 Ana.
726 4731 750 4798 1,
767 4732 785 4784 4
804 4737 869 4784 wer.
939 4731 973 4784 ‘22
991 4729 1134 4784 exterruit
1153 4745 1208 4797 ¹⁴94
1226 4727 1354 4785 externit
1371 4725 1391 4782 Α
