<?xml version="1.0" encoding="UTF-8"?>
<!DOCTYPE html PUBLIC "-//W3C//DTD XHTML 1.0 Transitional//EN"
    "http://www.w3.org/TR/xhtml1/DTD/xhtml1-transitional.dtd">
<html xmlns="http://www.w3.org/1999/xhtml" xml:lang="en" lang="en">
 <head>
  <title>
</title>
<meta http-equiv="Content-Type" content="text/html;charset=utf-8" />
  <meta name='ocr-system' content='tesseract 3.04.00' />
  <meta name='ocr-capabilities' content='ocr_page ocr_carea ocr_par ocr_line ocrx_word'/>
</head>
<body>
  <div class='ocr_page' id='page_1' title='image "./lannaeisenecaed00senegoog/lannaeisenecaed00senegoog_0017.png"; bbox 0 0 3286 5244; ppageno 0'>
   <div class='ocr_carea' id='block_1_1' title="bbox 246 565 1422 1888">
    <p class='ocr_par' dir='ltr' id='par_1_1' title="bbox 562 565 1255 734">
     <span class='ocr_line' id='line_1_1' title="bbox 562 565 1255 630; baseline 0 0"><span class='ocrx_word' id='word_1_1' title='bbox 562 565 636 630; x_wconf 66' lang='grc' dir='ltr'><strong>ΙΙΙΨ.ἰ</strong></span> <span class='ocrx_word' id='word_1_2' title='bbox 662 568 750 630; x_wconf 84' lang='lat' dir='ltr'><strong>Cerd.</strong></span> <span class='ocrx_word' id='word_1_3' title='bbox 773 568 912 630; x_wconf 82' lang='lat' dir='ltr'><strong>Fedorici</strong></span> <span class='ocrx_word' id='word_1_4' title='bbox 934 569 1130 630; x_wconf 83' lang='lat' dir='ltr'><strong>Borrhomesi</strong></span> <span class='ocrx_word' id='word_1_5' title='bbox 1153 599 1191 612; x_wconf 89' lang='lat'><strong>·-</strong></span> <span class='ocrx_word' id='word_1_6' title='bbox 1218 599 1255 612; x_wconf 90' lang='lat'><em>-</em></span> 
     </span>
     <span class='ocr_line' id='line_1_2' title="bbox 749 675 942 734; baseline -0.01 1"><span class='ocrx_word' id='word_1_7' title='bbox 749 693 827 734; x_wconf 86' lang='lat' dir='ltr'><strong>euno</strong></span> <span class='ocrx_word' id='word_1_8' title='bbox 852 675 942 734; x_wconf 85' lang='lat'>1603.</span> 
     </span>
    </p>

    <p class='ocr_par' dir='ltr' id='par_1_2' title="bbox 272 775 1422 1046">
     <span class='ocr_line' id='line_1_3' title="bbox 357 775 1422 853; baseline 0 -15"><span class='ocrx_word' id='word_1_9' title='bbox 357 777 430 838; x_wconf 86' lang='lat' dir='ltr'>Veri</span> <span class='ocrx_word' id='word_1_10' title='bbox 458 777 555 838; x_wconf 89' lang='lat' dir='ltr'><strong>simile</strong></span> <span class='ocrx_word' id='word_1_11' title='bbox 583 776 676 853; x_wconf 82' lang='lat' dir='ltr'><strong>igitur</strong></span> <span class='ocrx_word' id='word_1_12' title='bbox 705 782 752 836; x_wconf 85' lang='lat' dir='ltr'><strong>est</strong></span> <span class='ocrx_word' id='word_1_13' title='bbox 781 775 971 838; x_wconf 74' lang='lat' dir='ltr'><strong>cardinalem</strong></span> <span class='ocrx_word' id='word_1_14' title='bbox 998 775 1178 838; x_wconf 80' lang='lat' dir='ltr'><strong>Fodsricum</strong></span> <span class='ocrx_word' id='word_1_15' title='bbox 1205 777 1422 838; x_wconf 81' lang='lat' dir='ltr'><strong>Borromeeum</strong></span> 
     </span>
     <span class='ocr_line' id='line_1_4' title="bbox 272 876 1421 958; baseline 0 -18"><span class='ocrx_word' id='word_1_16' title='bbox 272 883 351 942; x_wconf 90' lang='lat' dir='ltr'><strong>hunc</strong></span> <span class='ocrx_word' id='word_1_17' title='bbox 389 881 499 940; x_wconf 90' lang='lat' dir='ltr'><strong>librum</strong></span> <span class='ocrx_word' id='word_1_18' title='bbox 538 901 556 938; x_wconf 87' lang='lat' dir='ltr'><strong>c</strong></span> <span class='ocrx_word' id='word_1_19' title='bbox 594 879 824 958; x_wconf 79' lang='lat' dir='ltr'>possessoribus</span> <span class='ocrx_word' id='word_1_20' title='bbox 863 887 953 940; x_wconf 79' lang='lat' dir='ltr'><strong>entes</strong></span> <span class='ocrx_word' id='word_1_21' title='bbox 990 876 1187 954; x_wconf 78' lang='lat' dir='ltr'><strong>nominetis*)</strong></span> <span class='ocrx_word' id='word_1_22' title='bbox 1226 901 1304 942; x_wconf 78' lang='lat' dir='ltr'><strong>enno</strong></span> <span class='ocrx_word' id='word_1_23' title='bbox 1340 883 1421 940; x_wconf 87' lang='grc'>1603</span> 
     </span>
     <span class='ocr_line' id='line_1_5' title="bbox 273 981 1152 1046; baseline -0.003 -1"><span class='ocrx_word' id='word_1_24' title='bbox 273 985 384 1046; x_wconf 88' lang='lat' dir='ltr'><strong>emisso</strong></span> <span class='ocrx_word' id='word_1_25' title='bbox 406 991 437 1044; x_wconf 90' lang='lat' dir='ltr'><strong>et</strong></span> <span class='ocrx_word' id='word_1_26' title='bbox 460 983 491 1042; x_wconf 92' lang='lat' dir='ltr'><strong>in</strong></span> <span class='ocrx_word' id='word_1_27' title='bbox 513 982 727 1044; x_wconf 76' lang='lat' dir='ltr'><strong>bibliothecam</strong></span> <span class='ocrx_word' id='word_1_28' title='bbox 748 981 982 1044; x_wconf 85' lang='lat' dir='ltr'><strong>Ambrosisnsm</strong></span> <span class='ocrx_word' id='word_1_29' title='bbox 1003 982 1152 1046; x_wconf 88' lang='lat' dir='ltr'><strong>intulisse.</strong></span> 
     </span>
    </p>

    <p class='ocr_par' dir='ltr' id='par_1_3' title="bbox 246 1084 1422 1888">
     <span class='ocr_line' id='line_1_6' title="bbox 355 1084 1422 1165; baseline 0 -17"><span class='ocrx_word' id='word_1_30' title='bbox 355 1088 422 1148; x_wconf 82' lang='lat' dir='ltr'><strong>lem</strong></span> <span class='ocrx_word' id='word_1_31' title='bbox 450 1087 489 1146; x_wconf 86' lang='lat' dir='ltr'><strong>cd</strong></span> <span class='ocrx_word' id='word_1_32' title='bbox 517 1086 616 1164; x_wconf 86' lang='lat' dir='ltr'><strong>ipsum</strong></span> <span class='ocrx_word' id='word_1_33' title='bbox 645 1084 780 1146; x_wconf 76' lang='lat' dir='ltr'><strong>codicem</strong></span> <span class='ocrx_word' id='word_1_34' title='bbox 808 1086 906 1160; x_wconf 83' lang='lat' dir='ltr'><strong>uenio,</strong></span> <span class='ocrx_word' id='word_1_35' title='bbox 940 1087 971 1146; x_wconf 90' lang='lat' dir='ltr'><strong>in</strong></span> <span class='ocrx_word' id='word_1_36' title='bbox 998 1085 1085 1146; x_wconf 89' lang='lat' dir='ltr'><strong>cuius</strong></span> <span class='ocrx_word' id='word_1_37' title='bbox 1112 1085 1184 1146; x_wconf 78' lang='lat' dir='ltr'><strong>lolio</strong></span> <span class='ocrx_word' id='word_1_38' title='bbox 1212 1087 1309 1165; x_wconf 91' lang='lat' dir='ltr'><strong>primo</strong></span> <span class='ocrx_word' id='word_1_39' title='bbox 1337 1095 1422 1148; x_wconf 91' lang='lat' dir='ltr'><strong>recto</strong></span> 
     </span>
     <span class='ocr_line' id='line_1_7' title="bbox 269 1188 1421 1267; baseline -0.001 -15"><span class='ocrx_word' id='word_1_40' title='bbox 269 1211 407 1252; x_wconf 77' lang='lat' dir='ltr'><strong>rasurum</strong></span> <span class='ocrx_word' id='word_1_41' title='bbox 429 1188 603 1267; x_wconf 80' lang='lat' dir='ltr'><strong>quindecim</strong></span> <span class='ocrx_word' id='word_1_42' title='bbox 625 1207 770 1250; x_wconf 89' lang='lat' dir='ltr'><strong>uersuum</strong></span> <span class='ocrx_word' id='word_1_43' title='bbox 791 1189 974 1267; x_wconf 74' lang='lat' dir='ltr'><strong>repemmus3</strong></span> <span class='ocrx_word' id='word_1_44' title='bbox 1008 1188 1065 1250; x_wconf 85' lang='lat' dir='ltr'><strong>sed</strong></span> <span class='ocrx_word' id='word_1_45' title='bbox 1086 1209 1164 1266; x_wconf 80' lang='lat' dir='ltr'><strong>quse</strong></span> <span class='ocrx_word' id='word_1_46' title='bbox 1185 1190 1235 1250; x_wconf 87' lang='lat' dir='ltr'><strong>hic</strong></span> <span class='ocrx_word' id='word_1_47' title='bbox 1256 1211 1356 1266; x_wconf 73' lang='lat' dir='ltr'><strong>mmo,</strong></span> <span class='ocrx_word' id='word_1_48' title='bbox 1390 1193 1421 1251; x_wconf 93' lang='lat' dir='ltr'><strong>ni</strong></span> 
     </span>
     <span class='ocr_line' id='line_1_8' title="bbox 270 1291 1422 1371; baseline 0 -16"><span class='ocrx_word' id='word_1_49' title='bbox 270 1296 396 1356; x_wconf 88' lang='lat' dir='ltr'><strong>multum</strong></span> <span class='ocrx_word' id='word_1_50' title='bbox 430 1293 533 1368; x_wconf 77' lang='lat' dir='ltr'><strong>fallor,</strong></span> <span class='ocrx_word' id='word_1_51' title='bbox 577 1291 787 1352; x_wconf 83' lang='lat' dir='ltr'><strong>recentissimo</strong></span> <span class='ocrx_word' id='word_1_52' title='bbox 820 1292 935 1371; x_wconf 82' lang='lat' dir='ltr'><strong>scripte</strong></span> <span class='ocrx_word' id='word_1_53' title='bbox 967 1292 1105 1369; x_wconf 83' lang='lat' dir='ltr'><strong>fuerunt,</strong></span> <span class='ocrx_word' id='word_1_54' title='bbox 1150 1291 1288 1354; x_wconf 87' lang='lat' dir='ltr'><strong>funditus</strong></span> <span class='ocrx_word' id='word_1_55' title='bbox 1321 1295 1422 1355; x_wconf 81' lang='lat' dir='ltr'><strong>delete</strong></span> 
     </span>
     <span class='ocr_line' id='line_1_9' title="bbox 246 1393 1420 1476; baseline -0.001 -18"><span class='ocrx_word' id='word_1_56' title='bbox 246 1404 351 1458; x_wconf 76' lang='lat' dir='ltr'><strong>-suut</strong></span> <span class='ocrx_word' id='word_1_57' title='bbox 407 1396 501 1456; x_wconf 81' lang='lat' dir='ltr'><strong>Peulo</strong></span> <span class='ocrx_word' id='word_1_58' title='bbox 535 1393 662 1456; x_wconf 80' lang='lat' dir='ltr'><strong>inferius</strong></span> <span class='ocrx_word' id='word_1_59' title='bbox 694 1393 813 1470; x_wconf 85' lang='lat' dir='ltr'><strong>littoris,</strong></span> <span class='ocrx_word' id='word_1_60' title='bbox 847 1403 931 1475; x_wconf 85' lang='lat' dir='ltr'><strong>puto,</strong></span> <span class='ocrx_word' id='word_1_61' title='bbox 967 1397 1093 1458; x_wconf 77' lang='lat' dir='ltr'><strong>Graecis</strong></span> <span class='ocrx_word' id='word_1_62' title='bbox 1126 1397 1241 1476; x_wconf 85' lang='lat' dir='ltr'><strong>scripta</strong></span> <span class='ocrx_word' id='word_1_63' title='bbox 1274 1405 1323 1458; x_wconf 85' lang='lat' dir='ltr'><strong>est</strong></span> <span class='ocrx_word' id='word_1_64' title='bbox 1351 1419 1420 1474; x_wconf 86' lang='lat' dir='ltr'><strong>uox,</strong></span> 
     </span>
     <span class='ocr_line' id='line_1_10' title="bbox 272 1497 1420 1578; baseline -0.001 -18"><span class='ocrx_word' id='word_1_65' title='bbox 272 1522 360 1577; x_wconf 84' lang='lat' dir='ltr'><strong>quum</strong></span> <span class='ocrx_word' id='word_1_66' title='bbox 382 1519 438 1560; x_wconf 91' lang='lat' dir='ltr'><strong>nec</strong></span> <span class='ocrx_word' id='word_1_67' title='bbox 461 1499 543 1578; x_wconf 88' lang='lat' dir='ltr'><strong>typis</strong></span> <span class='ocrx_word' id='word_1_68' title='bbox 565 1497 694 1558; x_wconf 87' lang='lat' dir='ltr'><strong>reddere</strong></span> <span class='ocrx_word' id='word_1_69' title='bbox 716 1518 841 1576; x_wconf 87' lang='lat' dir='ltr'><strong>possum</strong></span> <span class='ocrx_word' id='word_1_70' title='bbox 862 1518 920 1559; x_wconf 91' lang='lat' dir='ltr'><strong>nec</strong></span> <span class='ocrx_word' id='word_1_71' title='bbox 941 1499 1093 1577; x_wconf 86' lang='lat' dir='ltr'><strong>intellego.</strong></span> <span class='ocrx_word' id='word_1_72' title='bbox 1139 1500 1177 1562; x_wconf 92' lang='lat' dir='ltr'><strong>In</strong></span> <span class='ocrx_word' id='word_1_73' title='bbox 1199 1499 1335 1560; x_wconf 88' lang='lat' dir='ltr'><strong>eiusdem</strong></span> <span class='ocrx_word' id='word_1_74' title='bbox 1356 1500 1420 1561; x_wconf 83' lang='lat' dir='ltr'><strong>folii</strong></span> 
     </span>
     <span class='ocr_line' id='line_1_11' title="bbox 270 1601 1421 1682; baseline -0.002 -18"><span class='ocrx_word' id='word_1_75' title='bbox 270 1604 383 1682; x_wconf 83' lang='lat' dir='ltr'><strong>pagina</strong></span> <span class='ocrx_word' id='word_1_76' title='bbox 404 1601 538 1664; x_wconf 85' lang='lat' dir='ltr'><strong>secunde</strong></span> <span class='ocrx_word' id='word_1_77' title='bbox 559 1601 669 1662; x_wconf 87' lang='lat' dir='ltr'><strong>litteris</strong></span> <span class='ocrx_word' id='word_1_78' title='bbox 692 1601 861 1662; x_wconf 77' lang='lat' dir='ltr'><strong>uncialibus</strong></span> <span class='ocrx_word' id='word_1_79' title='bbox 883 1601 973 1663; x_wconf 85' lang='lat' dir='ltr'><strong>uelde</strong></span> <span class='ocrx_word' id='word_1_80' title='bbox 995 1601 1099 1663; x_wconf 86' lang='lat' dir='ltr'><strong>nitidis</strong></span> <span class='ocrx_word' id='word_1_81' title='bbox 1122 1609 1153 1663; x_wconf 90' lang='grc' dir='ltr'><strong>ει</strong></span> <span class='ocrx_word' id='word_1_82' title='bbox 1175 1602 1265 1662; x_wconf 90' lang='lat' dir='ltr'><strong>minio</strong></span> <span class='ocrx_word' id='word_1_83' title='bbox 1288 1604 1421 1664; x_wconf 63' lang='lat' dir='ltr'><strong>meretis</strong></span> 
     </span>
     <span class='ocr_line' id='line_1_12' title="bbox 270 1701 1422 1785; baseline 0 -19"><span class='ocrx_word' id='word_1_84' title='bbox 270 1706 361 1766; x_wconf 86' lang='lat' dir='ltr'><strong>index</strong></span> <span class='ocrx_word' id='word_1_85' title='bbox 384 1725 487 1766; x_wconf 87' lang='lat' dir='ltr'><strong>eorum</strong></span> <span class='ocrx_word' id='word_1_86' title='bbox 508 1705 652 1766; x_wconf 89' lang='lat' dir='ltr'><strong>librorum</strong></span> <span class='ocrx_word' id='word_1_87' title='bbox 674 1705 818 1780; x_wconf 80' lang='lat' dir='ltr'><strong>Senecae,</strong></span> <span class='ocrx_word' id='word_1_88' title='bbox 853 1725 930 1782; x_wconf 89' lang='lat' dir='ltr'><strong>quos</strong></span> <span class='ocrx_word' id='word_1_89' title='bbox 952 1703 1048 1766; x_wconf 85' lang='lat' dir='ltr'><strong>codex</strong></span> <span class='ocrx_word' id='word_1_90' title='bbox 1071 1707 1205 1768; x_wconf 88' lang='lat' dir='ltr'><strong>continet</strong></span> <span class='ocrx_word' id='word_1_91' title='bbox 1237 1701 1299 1781; x_wconf 91' lang='lat' dir='ltr'><strong>(uel</strong></span> <span class='ocrx_word' id='word_1_92' title='bbox 1320 1707 1422 1785; x_wconf 88' lang='lat' dir='ltr'><strong>potius</strong></span> 
     </span>
     <span class='ocr_line' id='line_1_13' title="bbox 272 1804 1317 1888; baseline -0.002 -18"><span class='ocrx_word' id='word_1_93' title='bbox 272 1809 455 1888; x_wconf 82' lang='lat' dir='ltr'><strong>archetypus</strong></span> <span class='ocrx_word' id='word_1_94' title='bbox 478 1809 543 1872; x_wconf 90' lang='lat' dir='ltr'><strong>eius</strong></span> <span class='ocrx_word' id='word_1_95' title='bbox 565 1804 777 1884; x_wconf 73' lang='lat' dir='ltr'><strong>continuerat),</strong></span> <span class='ocrx_word' id='word_1_96' title='bbox 801 1809 846 1870; x_wconf 87' lang='lat' dir='ltr'><strong>sic</strong></span> <span class='ocrx_word' id='word_1_97' title='bbox 868 1809 1001 1888; x_wconf 84' lang='lat' dir='ltr'><strong>scriptus</strong></span> <span class='ocrx_word' id='word_1_98' title='bbox 1024 1817 1072 1870; x_wconf 86' lang='lat' dir='ltr'><strong>est</strong></span> <span class='ocrx_word' id='word_1_99' title='bbox 1093 1829 1184 1871; x_wconf 77' lang='lat' dir='ltr'><strong>manu</strong></span> <span class='ocrx_word' id='word_1_100' title='bbox 1205 1809 1317 1888; x_wconf 78' lang='lat' dir='ltr'><strong>prims:</strong></span> 
     </span>
    </p>
   </div>
   <div class='ocr_carea' id='block_1_2' title="bbox 518 1996 910 2060">
    <p class='ocr_par' dir='ltr' id='par_1_4' title="bbox 518 1996 910 2060">
     <span class='ocr_line' id='line_1_14' title="bbox 518 1996 910 2060; baseline 0.005 -2"><span class='ocrx_word' id='word_1_101' title='bbox 518 1999 555 2058; x_wconf 86' lang='lat' dir='ltr'><strong>L.</strong></span> <span class='ocrx_word' id='word_1_102' title='bbox 578 1997 714 2058; x_wconf 87' lang='lat' dir='ltr'>ANNEI</span> <span class='ocrx_word' id='word_1_103' title='bbox 736 1996 910 2060; x_wconf 80' lang='lat' dir='ltr'>SENEOE</span> 
     </span>
    </p>
   </div>
   <div class='ocr_carea' id='block_1_3' title="bbox 404 2095 1057 2196">
    <p class='ocr_par' dir='ltr' id='par_1_5' title="bbox 404 2095 1057 2196">
     <span class='ocr_line' id='line_1_15' title="bbox 404 2095 1057 2196; baseline -0.003 -1"><span class='ocrx_word' id='word_1_104' title='bbox 404 2133 690 2196; x_wconf 78' lang='lat' dir='ltr'><strong>omnesonvn</strong></span> <span class='ocrx_word' id='word_1_105' title='bbox 711 2134 833 2195; x_wconf 81' lang='lat' dir='ltr'><strong>meru</strong></span> <span class='ocrx_word' id='word_1_106' title='bbox 855 2095 957 2196; x_wconf 60' lang='lat' dir='ltr'><strong>nin.</strong></span> <span class='ocrx_word' id='word_1_107' title='bbox 980 2135 1057 2194; x_wconf 79' lang='lat' dir='ltr'><strong>nn.</strong></span> 
     </span>
    </p>
   </div>
   <div class='ocr_carea' id='block_1_4' title="bbox 272 2235 1421 2392">
    <p class='ocr_par' dir='ltr' id='par_1_6' title="bbox 272 2235 1421 2392">
     <span class='ocr_line' id='line_1_16' title="bbox 272 2235 1185 2312; baseline -0.002 -12"><span class='ocrx_word' id='word_1_108' title='bbox 272 2239 319 2300; x_wconf 89' lang='lat' dir='ltr'><strong>IN</strong></span> <span class='ocrx_word' id='word_1_109' title='bbox 341 2237 488 2299; x_wconf 80' lang='lat' dir='ltr'><strong>PRIMIS</strong></span> <span class='ocrx_word' id='word_1_110' title='bbox 511 2237 568 2296; x_wconf 99' lang='lat' dir='ltr'><strong>AD</strong></span> <span class='ocrx_word' id='word_1_111' title='bbox 592 2235 803 2297; x_wconf 75' lang='lat' dir='ltr'><strong>LUCILIVM</strong></span> <span class='ocrx_word' id='word_1_112' title='bbox 826 2282 833 2296; x_wconf 87' lang='lat'><strong>.</strong></span> <span class='ocrx_word' id='word_1_113' title='bbox 857 2236 1000 2309; x_wconf 82' lang='lat' dir='ltr'>QVARE</span> <span class='ocrx_word' id='word_1_114' title='bbox 1023 2237 1185 2312; x_wconf 81' lang='lat' dir='ltr'><strong>ALIQVA</strong></span> 
     </span>
     <span class='ocr_line' id='line_1_17' title="bbox 272 2332 1421 2392; baseline 0 -2"><span class='ocrx_word' id='word_1_115' title='bbox 272 2333 508 2390; x_wconf 85' lang='lat' dir='ltr'><strong>INGOMMODA</strong></span> <span class='ocrx_word' id='word_1_116' title='bbox 518 2332 632 2388; x_wconf 86' lang='lat' dir='ltr'><strong>BONIS</strong></span> <span class='ocrx_word' id='word_1_117' title='bbox 642 2333 750 2390; x_wconf 84' lang='lat' dir='ltr'><strong>UIRIS</strong></span> <span class='ocrx_word' id='word_1_118' title='bbox 761 2333 971 2388; x_wconf 79' lang='lat' dir='ltr'><strong>AGGIDAN&#39;I.</strong></span> <span class='ocrx_word' id='word_1_119' title='bbox 978 2333 1061 2390; x_wconf 83' lang='lat' dir='ltr'><strong>oUM</strong></span> <span class='ocrx_word' id='word_1_120' title='bbox 1071 2334 1343 2392; x_wconf 87' lang='lat' dir='ltr'><strong>PROUIDENTIA</strong></span> <span class='ocrx_word' id='word_1_121' title='bbox 1352 2335 1421 2390; x_wconf 74' lang='lat' dir='ltr'><strong>SIT.</strong></span> 
     </span>
    </p>
   </div>
   <div class='ocr_carea' id='block_1_5' title="bbox 270 2425 1421 3536">
    <p class='ocr_par' dir='ltr' id='par_1_7' title="bbox 272 2425 1025 2490">
     <span class='ocr_line' id='line_1_18' title="bbox 272 2425 1025 2490; baseline -0.003 0"><span class='ocrx_word' id='word_1_122' title='bbox 272 2431 329 2490; x_wconf 88' lang='lat' dir='ltr'><strong>AD</strong></span> <span class='ocrx_word' id='word_1_123' title='bbox 353 2427 555 2488; x_wconf 84' lang='lat' dir='ltr'>SERENUM</span> <span class='ocrx_word' id='word_1_124' title='bbox 579 2471 585 2485; x_wconf 93' lang='lat'><strong>.</strong></span> <span class='ocrx_word' id='word_1_125' title='bbox 609 2425 692 2488; x_wconf 82' lang='lat' dir='ltr'><strong>NEC</strong></span> <span class='ocrx_word' id='word_1_126' title='bbox 714 2425 919 2486; x_wconf 88' lang='lat' dir='ltr'><strong>INIVRIAM</strong></span> <span class='ocrx_word' id='word_1_127' title='bbox 942 2426 1025 2488; x_wconf 79' lang='lat' dir='ltr'><strong>NEC</strong></span> 
     </span>
    </p>

    <p class='ocr_par' dir='ltr' id='par_1_8' title="bbox 274 2528 1215 2593">
     <span class='ocr_line' id='line_1_19' title="bbox 274 2528 1215 2593; baseline -0.002 0"><span class='ocrx_word' id='word_1_128' title='bbox 274 2532 356 2593; x_wconf 84' lang='lat' dir='ltr'><strong>CON</strong></span> <span class='ocrx_word' id='word_1_129' title='bbox 378 2531 433 2591; x_wconf 79' lang='lat' dir='ltr'><strong>TV</strong></span> <span class='ocrx_word' id='word_1_130' title='bbox 454 2529 624 2591; x_wconf 85' lang='lat' dir='ltr'>MELIAM</span> <span class='ocrx_word' id='word_1_131' title='bbox 645 2528 855 2590; x_wconf 83' lang='lat' dir='ltr'><strong>AGGIPERE</strong></span> <span class='ocrx_word' id='word_1_132' title='bbox 879 2529 1121 2592; x_wconf 81' lang='lat' dir='ltr'>SAPIENTEM</span> <span class='ocrx_word' id='word_1_133' title='bbox 1145 2577 1150 2589; x_wconf 94' lang='lat'>.</span> <span class='ocrx_word' id='word_1_134' title='bbox 1176 2577 1182 2589; x_wconf 92' lang='lat'>.</span> <span class='ocrx_word' id='word_1_135' title='bbox 1209 2579 1215 2591; x_wconf 95' lang='lat'>.</span> 
     </span>
    </p>

    <p class='ocr_par' dir='ltr' id='par_1_9' title="bbox 272 2632 964 2696">
     <span class='ocr_line' id='line_1_20' title="bbox 272 2632 964 2696; baseline -0.007 1"><span class='ocrx_word' id='word_1_136' title='bbox 272 2635 330 2696; x_wconf 92' lang='lat' dir='ltr'><strong>AD</strong></span> <span class='ocrx_word' id='word_1_137' title='bbox 353 2633 559 2696; x_wconf 81' lang='lat' dir='ltr'><strong>NOUATUM</strong></span> <span class='ocrx_word' id='word_1_138' title='bbox 580 2634 638 2693; x_wconf 87' lang='lat' dir='ltr'><strong>DE</strong></span> <span class='ocrx_word' id='word_1_139' title='bbox 661 2633 737 2694; x_wconf 83' lang='lat' dir='ltr'><strong>IRA</strong></span> <span class='ocrx_word' id='word_1_140' title='bbox 759 2632 880 2694; x_wconf 87' lang='lat' dir='ltr'><strong>LIBRI</strong></span> <span class='ocrx_word' id='word_1_141' title='bbox 902 2633 964 2694; x_wconf 88' lang='lat'>111.</span> 
     </span>
    </p>

    <p class='ocr_par' dir='ltr' id='par_1_10' title="bbox 272 2735 860 2798">
     <span class='ocr_line' id='line_1_21' title="bbox 272 2735 860 2798; baseline -0.005 0"><span class='ocrx_word' id='word_1_142' title='bbox 272 2739 361 2798; x_wconf 89' lang='lat' dir='ltr'><strong>AD·</strong></span> <span class='ocrx_word' id='word_1_143' title='bbox 397 2738 430 2797; x_wconf 82' lang='lat' dir='ltr'>M</span> <span class='ocrx_word' id='word_1_144' title='bbox 473 2739 502 2798; x_wconf 89' lang='lat' dir='ltr'>A</span> <span class='ocrx_word' id='word_1_145' title='bbox 545 2737 575 2796; x_wconf 86' lang='lat' dir='ltr'>R</span> <span class='ocrx_word' id='word_1_146' title='bbox 619 2735 643 2796; x_wconf 84' lang='lat'>0</span> <span class='ocrx_word' id='word_1_147' title='bbox 686 2736 703 2796; x_wconf 90' lang='grc' dir='ltr'>Ι</span> <span class='ocrx_word' id='word_1_148' title='bbox 745 2735 775 2795; x_wconf 91' lang='lat' dir='ltr'>A</span> <span class='ocrx_word' id='word_1_149' title='bbox 818 2736 860 2795; x_wconf 82' lang='lat' dir='ltr'><strong>M.</strong></span> 
     </span>
    </p>

    <p class='ocr_par' dir='ltr' id='par_1_11' title="bbox 272 2837 983 2902">
     <span class='ocr_line' id='line_1_22' title="bbox 272 2837 983 2902; baseline -0.004 -1"><span class='ocrx_word' id='word_1_150' title='bbox 272 2840 331 2901; x_wconf 89' lang='lat' dir='ltr'><strong>AD</strong></span> <span class='ocrx_word' id='word_1_151' title='bbox 355 2839 607 2902; x_wconf 81' lang='lat' dir='ltr'><strong>GALLIONEM</strong></span> <span class='ocrx_word' id='word_1_152' title='bbox 628 2839 685 2898; x_wconf 85' lang='lat' dir='ltr'><strong>DE</strong></span> <span class='ocrx_word' id='word_1_153' title='bbox 708 2837 811 2900; x_wconf 81' lang='lat' dir='ltr'><strong>UITA</strong></span> <span class='ocrx_word' id='word_1_154' title='bbox 833 2838 983 2899; x_wconf 80' lang='lat' dir='ltr'>BEATA.</span> 
     </span>
    </p>

    <p class='ocr_par' dir='ltr' id='par_1_12' title="bbox 272 2933 883 3022">
     <span class='ocr_line' id='line_1_23' title="bbox 272 2933 883 3022; baseline -0.013 0"><span class='ocrx_word' id='word_1_155' title='bbox 272 2933 883 3022; x_wconf 72' lang='lat' dir='ltr'><strong>ADlllllllllllllluu0u10.**)</strong></span> 
     </span>
    </p>

    <p class='ocr_par' dir='ltr' id='par_1_13' title="bbox 272 3043 1189 3117">
     <span class='ocr_line' id='line_1_24' title="bbox 272 3043 1189 3117; baseline -0.003 -10"><span class='ocrx_word' id='word_1_156' title='bbox 272 3046 330 3107; x_wconf 92' lang='lat' dir='ltr'><strong>AD</strong></span> <span class='ocrx_word' id='word_1_157' title='bbox 354 3045 555 3106; x_wconf 83' lang='lat' dir='ltr'>SERENVM</span> <span class='ocrx_word' id='word_1_158' title='bbox 576 3045 634 3106; x_wconf 89' lang='lat' dir='ltr'><strong>DE</strong></span> <span class='ocrx_word' id='word_1_159' title='bbox 656 3043 1030 3117; x_wconf 76' lang='lat' dir='ltr'><strong>TRANQUILLI&#39;I&#39;A&#39;I&#39;E</strong></span> <span class='ocrx_word' id='word_1_160' title='bbox 1053 3045 1189 3108; x_wconf 80' lang='lat' dir='ltr'><strong>ANIMI.</strong></span> 
     </span>
    </p>

    <p class='ocr_par' dir='ltr' id='par_1_14' title="bbox 270 3148 1092 3210">
     <span class='ocr_line' id='line_1_25' title="bbox 270 3148 1092 3210; baseline -0.001 -1"><span class='ocrx_word' id='word_1_161' title='bbox 270 3150 328 3209; x_wconf 90' lang='lat' dir='ltr'><strong>AD</strong></span> <span class='ocrx_word' id='word_1_162' title='bbox 350 3149 573 3210; x_wconf 88' lang='lat' dir='ltr'><strong>PAULINUM</strong></span> <span class='ocrx_word' id='word_1_163' title='bbox 637 3149 694 3208; x_wconf 88' lang='lat' dir='ltr'><strong>DE</strong></span> <span class='ocrx_word' id='word_1_164' title='bbox 718 3148 960 3209; x_wconf 82' lang='lat' dir='ltr'>BREUITATE</span> <span class='ocrx_word' id='word_1_165' title='bbox 982 3149 1092 3210; x_wconf 83' lang='lat' dir='ltr'><strong>VITE.</strong></span> 
     </span>
    </p>

    <p class='ocr_par' dir='ltr' id='par_1_15' title="bbox 271 3249 924 3312">
     <span class='ocr_line' id='line_1_26' title="bbox 271 3249 924 3312; baseline -0.002 0"><span class='ocrx_word' id='word_1_166' title='bbox 271 3251 329 3312; x_wconf 92' lang='lat' dir='ltr'><strong>AD</strong></span> <span class='ocrx_word' id='word_1_167' title='bbox 395 3253 421 3312; x_wconf 93' lang='lat' dir='ltr'>P</span> <span class='ocrx_word' id='word_1_168' title='bbox 464 3252 490 3312; x_wconf 93' lang='grc' dir='ltr'>Ο</span> <span class='ocrx_word' id='word_1_169' title='bbox 534 3252 561 3311; x_wconf 85' lang='lat' dir='ltr'>L</span> <span class='ocrx_word' id='word_1_170' title='bbox 604 3249 634 3310; x_wconf 91' lang='lat' dir='ltr'>Y</span> <span class='ocrx_word' id='word_1_171' title='bbox 678 3252 705 3312; x_wconf 94' lang='lat' dir='ltr'>B</span> <span class='ocrx_word' id='word_1_172' title='bbox 749 3251 766 3312; x_wconf 96' lang='lat' dir='ltr'><strong>I</strong></span> <span class='ocrx_word' id='word_1_173' title='bbox 809 3252 839 3312; x_wconf 88' lang='lat' dir='ltr'><strong>U</strong></span> <span class='ocrx_word' id='word_1_174' title='bbox 882 3252 924 3312; x_wconf 89' lang='lat' dir='ltr'><strong>M.</strong></span> 
     </span>
    </p>

    <p class='ocr_par' dir='ltr' id='par_1_16' title="bbox 270 3353 1421 3536">
     <span class='ocr_line' id='line_1_27' title="bbox 270 3353 1319 3416; baseline 0.001 -1"><span class='ocrx_word' id='word_1_175' title='bbox 270 3355 328 3415; x_wconf 92' lang='lat' dir='ltr'><strong>AD</strong></span> <span class='ocrx_word' id='word_1_176' title='bbox 393 3353 844 3416; x_wconf 85' lang='lat' dir='ltr'><strong>HELBIAM</strong></span> <span class='ocrx_word' id='word_1_177' title='bbox 919 3355 1319 3416; x_wconf 85' lang='lat' dir='ltr'>MATREM.</span> 
     </span>
     <span class='ocr_line' id='line_1_28' title="bbox 357 3456 1421 3536; baseline 0.004 -20"><span class='ocrx_word' id='word_1_178' title='bbox 357 3457 419 3516; x_wconf 85' lang='lat' dir='ltr'><strong>Sub</strong></span> <span class='ocrx_word' id='word_1_179' title='bbox 442 3457 490 3517; x_wconf 90' lang='lat' dir='ltr'><strong>his</strong></span> <span class='ocrx_word' id='word_1_180' title='bbox 512 3456 617 3518; x_wconf 80' lang='lat' dir='ltr'><strong>addita</strong></span> <span class='ocrx_word' id='word_1_181' title='bbox 639 3463 711 3516; x_wconf 85' lang='lat' dir='ltr'><strong>sunt</strong></span> <span class='ocrx_word' id='word_1_182' title='bbox 731 3456 806 3516; x_wconf 79' lang='lat' dir='ltr'><strong>hooc</strong></span> <span class='ocrx_word' id='word_1_183' title='bbox 828 3457 953 3518; x_wconf 79' lang='lat' dir='ltr'><strong>Antonii</strong></span> <span class='ocrx_word' id='word_1_184' title='bbox 976 3456 1098 3536; x_wconf 64' lang='lat' dir='ltr'><strong>Olgiatl,</strong></span> <span class='ocrx_word' id='word_1_185' title='bbox 1121 3467 1156 3518; x_wconf 90' lang='lat' dir='ltr'><strong>ut</strong></span> <span class='ocrx_word' id='word_1_186' title='bbox 1177 3459 1308 3534; x_wconf 85' lang='lat' dir='ltr'><strong>uidetur,</strong></span> <span class='ocrx_word' id='word_1_187' title='bbox 1331 3481 1421 3520; x_wconf 77' lang='lat' dir='ltr'><strong>manu</strong></span> 
     </span>
    </p>
   </div>
   <div class='ocr_carea' id='block_1_6' title="bbox 272 3557 873 3724">
    <p class='ocr_par' dir='ltr' id='par_1_17' title="bbox 272 3557 873 3724">
     <span class='ocr_line' id='line_1_29' title="bbox 272 3557 731 3638; baseline -0.004 -18"><span class='ocrx_word' id='word_1_188' title='bbox 272 3567 439 3620; x_wconf 81' lang='lat' dir='ltr'><strong>atramento</strong></span> <span class='ocrx_word' id='word_1_189' title='bbox 461 3557 579 3638; x_wconf 82' lang='lat' dir='ltr'><strong>uulgari</strong></span> <span class='ocrx_word' id='word_1_190' title='bbox 602 3559 731 3638; x_wconf 80' lang='lat' dir='ltr'><strong>scripte:</strong></span> 
     </span>
     <span class='ocr_line' id='line_1_30' title="bbox 355 3655 873 3724; baseline 0.004 -14"><span class='ocrx_word' id='word_1_191' title='bbox 355 3655 494 3711; x_wconf 82' lang='lat' dir='ltr'><strong>Eiusdem</strong></span> <span class='ocrx_word' id='word_1_192' title='bbox 513 3655 646 3724; x_wconf 82' lang='lat' dir='ltr'><strong>epistolae</strong></span> <span class='ocrx_word' id='word_1_193' title='bbox 664 3655 701 3710; x_wconf 82' lang='lat' dir='ltr'><strong>cd</strong></span> <span class='ocrx_word' id='word_1_194' title='bbox 720 3656 752 3712; x_wconf 90' lang='lat' dir='ltr'><strong>B.</strong></span> <span class='ocrx_word' id='word_1_195' title='bbox 771 3655 873 3712; x_wconf 76' lang='lat' dir='ltr'><strong>Paulo.</strong></span> 
     </span>
    </p>
   </div>
   <div class='ocr_carea' id='block_1_7' title="bbox 270 3741 1421 4190">
    <p class='ocr_par' dir='ltr' id='par_1_18' title="bbox 270 3741 1421 4190">
     <span class='ocr_line' id='line_1_31' title="bbox 357 3741 703 3810; baseline 0.003 -14"><span class='ocrx_word' id='word_1_196' title='bbox 357 3741 495 3797; x_wconf 85' lang='lat' dir='ltr'><strong>Eiusdem</strong></span> <span class='ocrx_word' id='word_1_197' title='bbox 513 3741 703 3810; x_wconf 68' lang='lat' dir='ltr'><strong>epitaphium.</strong></span> 
     </span>
     <span class='ocr_line' id='line_1_32' title="bbox 357 3833 1421 3917; baseline 0.005 -24"><span class='ocrx_word' id='word_1_198' title='bbox 357 3834 530 3911; x_wconf 78' lang='lat' dir='ltr'><strong>Sequuntur</strong></span> <span class='ocrx_word' id='word_1_199' title='bbox 558 3833 668 3894; x_wconf 88' lang='lat' dir='ltr'><strong>deinde</strong></span> <span class='ocrx_word' id='word_1_200' title='bbox 696 3834 728 3893; x_wconf 93' lang='lat' dir='ltr'><strong>in</strong></span> <span class='ocrx_word' id='word_1_201' title='bbox 756 3835 816 3896; x_wconf 82' lang='lat' dir='ltr'><strong>ima</strong></span> <span class='ocrx_word' id='word_1_202' title='bbox 841 3835 953 3914; x_wconf 73' lang='lat' dir='ltr'><strong>pagius</strong></span> <span class='ocrx_word' id='word_1_203' title='bbox 979 3837 1056 3897; x_wconf 79' lang='lat' dir='ltr'><strong>haec</strong></span> <span class='ocrx_word' id='word_1_204' title='bbox 1083 3857 1189 3898; x_wconf 86' lang='lat' dir='ltr'><strong>rursus</strong></span> <span class='ocrx_word' id='word_1_205' title='bbox 1211 3858 1301 3898; x_wconf 75' lang='lat' dir='ltr'><strong>manu</strong></span> <span class='ocrx_word' id='word_1_206' title='bbox 1323 3837 1421 3917; x_wconf 85' lang='lat' dir='ltr'><strong>prime</strong></span> 
     </span>
     <span class='ocr_line' id='line_1_33' title="bbox 270 3937 653 4016; baseline 0 -20"><span class='ocrx_word' id='word_1_207' title='bbox 270 3937 380 3998; x_wconf 85' lang='lat' dir='ltr'><strong>litteris</strong></span> <span class='ocrx_word' id='word_1_208' title='bbox 402 3937 503 3997; x_wconf 88' lang='lat' dir='ltr'><strong>rubris</strong></span> <span class='ocrx_word' id='word_1_209' title='bbox 525 3937 653 4016; x_wconf 80' lang='lat' dir='ltr'><strong>scripto:</strong></span> 
     </span>
     <span class='ocr_line' id='line_1_34' title="bbox 339 4032 1347 4104; baseline 0.005 -17"><span class='ocrx_word' id='word_1_210' title='bbox 339 4033 448 4102; x_wconf 78' lang='lat' dir='ltr'><strong>Incipit</strong></span> <span class='ocrx_word' id='word_1_211' title='bbox 466 4033 504 4088; x_wconf 86' lang='lat' dir='ltr'><strong>sd</strong></span> <span class='ocrx_word' id='word_1_212' title='bbox 521 4032 674 4099; x_wconf 66' lang='lat' dir='ltr'><strong>lucilium!</strong></span> <span class='ocrx_word' id='word_1_213' title='bbox 725 4033 790 4100; x_wconf 81' lang='lat' dir='ltr'><strong>Qus</strong></span> <span class='ocrx_word' id='word_1_214' title='bbox 807 4053 839 4090; x_wconf 91' lang='lat' dir='ltr'><strong>re</strong></span> <span class='ocrx_word' id='word_1_215' title='bbox 857 4035 955 4104; x_wconf 79' lang='lat' dir='ltr'><strong>eliqua</strong></span> <span class='ocrx_word' id='word_1_216' title='bbox 972 4036 1156 4092; x_wconf 81' lang='lat' dir='ltr'><strong>incommode</strong></span> <span class='ocrx_word' id='word_1_217' title='bbox 1173 4037 1257 4092; x_wconf 85' lang='lat' dir='ltr'><strong>bonis</strong></span> <span class='ocrx_word' id='word_1_218' title='bbox 1275 4037 1347 4093; x_wconf 84' lang='lat' dir='ltr'><strong>uiris</strong></span> 
     </span>
     <span class='ocr_line' id='line_1_35' title="bbox 484 4119 1105 4190; baseline 0.006 -16"><span class='ocrx_word' id='word_1_219' title='bbox 484 4137 519 4174; x_wconf 79' lang='lat' dir='ltr'><strong>oo</strong></span> <span class='ocrx_word' id='word_1_220' title='bbox 537 4119 564 4174; x_wconf 93' lang='lat' dir='ltr'><strong>ci</strong></span> <span class='ocrx_word' id='word_1_221' title='bbox 582 4119 654 4175; x_wconf 83' lang='lat' dir='ltr'><strong>dunt</strong></span> <span class='ocrx_word' id='word_1_222' title='bbox 698 4130 702 4140; x_wconf 95' lang='grc'><strong>“</strong></span> <span class='ocrx_word' id='word_1_223' title='bbox 727 4137 864 4190; x_wconf 89' lang='lat' dir='ltr'><strong>cumpro</strong></span> <span class='ocrx_word' id='word_1_224' title='bbox 882 4120 912 4175; x_wconf 93' lang='lat' dir='ltr'><strong>ui</strong></span> <span class='ocrx_word' id='word_1_225' title='bbox 931 4119 987 4176; x_wconf 86' lang='lat' dir='ltr'><strong>den</strong></span> <span class='ocrx_word' id='word_1_226' title='bbox 1005 4120 1041 4189; x_wconf 77' lang='lat' dir='ltr'><strong>lle</strong></span> <span class='ocrx_word' id='word_1_227' title='bbox 1058 4122 1105 4178; x_wconf 86' lang='lat' dir='ltr'><strong>sit.</strong></span> 
     </span>
    </p>
   </div>
   <div class='ocr_carea' id='block_1_8' title="bbox 292 4342 1420 4571">
    <p class='ocr_par' dir='ltr' id='par_1_19' title="bbox 292 4342 1420 4571">
     <span class='ocr_line' id='line_1_36' title="bbox 292 4342 1420 4415; baseline 0.004 -17"><span class='ocrx_word' id='word_1_228' title='bbox 292 4343 322 4410; x_wconf 66' lang='lat' dir='ltr'><strong>l)</strong></span> <span class='ocrx_word' id='word_1_229' title='bbox 341 4342 443 4400; x_wconf 90' lang='lat' dir='ltr'><strong>Obiter</strong></span> <span class='ocrx_word' id='word_1_230' title='bbox 464 4361 567 4399; x_wconf 90' lang='lat' dir='ltr'><strong>moneo</strong></span> <span class='ocrx_word' id='word_1_231' title='bbox 590 4361 643 4398; x_wconf 89' lang='lat' dir='ltr'><strong>nos</strong></span> <span class='ocrx_word' id='word_1_232' title='bbox 668 4343 810 4413; x_wconf 87' lang='lat' dir='ltr'><strong>pictorem</strong></span> <span class='ocrx_word' id='word_1_233' title='bbox 828 4345 973 4413; x_wconf 80' lang='lat' dir='ltr'><strong>quendem</strong></span> <span class='ocrx_word' id='word_1_234' title='bbox 990 4345 1217 4415; x_wconf 76' lang='lat' dir='ltr'><strong>Neapolitanum</strong></span> <span class='ocrx_word' id='word_1_235' title='bbox 1236 4345 1316 4402; x_wconf 78' lang='lat' dir='ltr'><strong>circe</strong></span> <span class='ocrx_word' id='word_1_236' title='bbox 1333 4347 1420 4403; x_wconf 78' lang='lat' dir='ltr'><strong>initis</strong></span> 
     </span>
     <span class='ocr_line' id='line_1_37' title="bbox 339 4427 1418 4498; baseline 0.004 -14"><span class='ocrx_word' id='word_1_237' title='bbox 339 4447 414 4486; x_wconf 78' lang='lat' dir='ltr'><strong>cccc.</strong></span> <span class='ocrx_word' id='word_1_238' title='bbox 430 4429 515 4485; x_wconf 89' lang='lat' dir='ltr'><strong>XVH</strong></span> <span class='ocrx_word' id='word_1_239' title='bbox 535 4427 683 4486; x_wconf 87' lang='lat' dir='ltr'><strong>uiuentem</strong></span> <span class='ocrx_word' id='word_1_240' title='bbox 701 4430 827 4498; x_wconf 86' lang='lat' dir='ltr'><strong>nouisse,</strong></span> <span class='ocrx_word' id='word_1_241' title='bbox 846 4431 893 4486; x_wconf 91' lang='lat' dir='ltr'><strong>cui</strong></span> <span class='ocrx_word' id='word_1_242' title='bbox 911 4450 1016 4488; x_wconf 89' lang='lat' dir='ltr'><strong>nomen</strong></span> <span class='ocrx_word' id='word_1_243' title='bbox 1030 4431 1241 4488; x_wconf 81' lang='lat' dir='ltr'><strong>Giambcttiste</strong></span> <span class='ocrx_word' id='word_1_244' title='bbox 1250 4433 1418 4489; x_wconf 78' lang='lat' dir='ltr'><strong>Gereoniolo</strong></span> 
     </span>
     <span class='ocr_line' id='line_1_38' title="bbox 340 4521 411 4571; baseline 0 -1"><span class='ocrx_word' id='word_1_245' title='bbox 340 4521 411 4571; x_wconf 79' lang='lat' dir='ltr'><strong>eret.</strong></span> 
     </span>
    </p>
   </div>
   <div class='ocr_carea' id='block_1_9' title="bbox 272 4602 1265 4671">
    <p class='ocr_par' dir='ltr' id='par_1_20' title="bbox 272 4602 1265 4671">
     <span class='ocr_line' id='line_1_39' title="bbox 272 4602 1265 4671; baseline 0.002 -12"><span class='ocrx_word' id='word_1_246' title='bbox 272 4602 322 4670; x_wconf 57' lang='grc' dir='ltr'><strong>’ἢ</strong></span> <span class='ocrx_word' id='word_1_247' title='bbox 339 4602 374 4659; x_wconf 87' lang='lat' dir='ltr'><strong>In</strong></span> <span class='ocrx_word' id='word_1_248' title='bbox 392 4619 501 4666; x_wconf 60' lang='lat' dir='ltr'><strong>resurr„</strong></span> <span class='ocrx_word' id='word_1_249' title='bbox 520 4619 608 4670; x_wconf 79' lang='lat' dir='ltr'><strong>quem</strong></span> <span class='ocrx_word' id='word_1_250' title='bbox 626 4602 749 4671; x_wconf 71' lang='lat' dir='ltr'><strong>signaui,</strong></span> <span class='ocrx_word' id='word_1_251' title='bbox 767 4609 880 4660; x_wconf 85' lang='lat' dir='ltr'><strong>certum</strong></span> <span class='ocrx_word' id='word_1_252' title='bbox 898 4611 944 4660; x_wconf 84' lang='lat' dir='ltr'><strong>est</strong></span> <span class='ocrx_word' id='word_1_253' title='bbox 961 4603 1052 4662; x_wconf 82' lang='lat' dir='ltr'><strong>fuisse</strong></span> <span class='ocrx_word' id='word_1_254' title='bbox 1070 4604 1265 4662; x_wconf 79' lang='lat' dir='ltr'>SERENUM.</span> 
     </span>
    </p>
   </div>
   <div class='ocr_carea' id='block_1_10' title="bbox 0 0 1652 5244">
    <p class='ocr_par' dir='ltr' id='par_1_21' title="bbox 0 0 1652 5244">
     <span class='ocr_line' id='line_1_40' title="bbox 0 0 1652 5244; baseline 0 0"><span class='ocrx_word' id='word_1_255' title='bbox 0 0 1652 5244; x_wconf 95' lang='lat' dir='ltr'><strong> </strong></span> 
     </span>
    </p>
   </div>
  </div>
 </body>
</html>
