3182 5252
1110 243 1125 282 e

321 427 364 468 An
386 427 547 470 rsvrnuru
571 431 609 470 ou
631 431 803 472 nauvrrsrn
826 427 929 486 rrrsa,
953 429 1067 469 rr—nr.
1205 403 1268 468 309

114 592 155 656 ad
190 592 325 679 lapides
360 599 396 656 et
424 615 516 660 arma
545 593 752 661 discummt:
787 597 822 661 in
849 595 955 660 uitem
984 617 1078 660 suam
1107 595 1266 662 incedere

112 702 198 768 alios
223 704 348 787 sinunt,
374 701 476 768 immo
498 725 580 769 uero
604 705 668 792 ipsi
692 705 794 770 etiam
812 727 1026 791 possessores
1045 703 1117 768 eius
1133 703 1267 772 futuros

109 811 300 895 inducunt;
333 833 433 876 nemo
466 812 647 878 inuenitur.
683 816 738 900 qui
774 815 953 902 pecuniam
986 835 1081 879 suam
1114 813 1266 880 diuidere

110 920 212 986 uelit:
248 921 353 986 uitam
375 921 608 1008 unusquisque
632 947 732 1009 quam
755 924 868 990 multis
892 923 1079 990 distribuit!
1112 922 1267 989 adstricti

86 1037 192 1096 esunt
216 1031 252 1095 in
276 1030 482 1096 continendo
505 1033 718 1117 patrimonio,
744 1032 842 1099 simul
862 1033 1088 1126 adiecturum
1105 1033 1266 1120 temporis

111 1150 256 1205 uentum
278 1145 331 1204 est
352 1137 575 1226 profusissimi
598 1142 634 1206 in
657 1164 707 1227 eo,
732 1143 826 1208 cuius
843 1142 942 1208 unius
960 1141 1105 1208 honesta
1124 1142 1267 1208 auaritia

110 1253 173 1314 est.
233 1249 337 1314 Libet
368 1249 483 1335 itaque
519 1273 559 1314 ex
593 1251 763 1317 seniorum
796 1251 897 1316 turba
930 1250 1173 1337 comprendere
1203 1250 1299 1316 ali-a

109 1379 230 1442 quem:
268 1357 490 1442 ,Perueuisse
518 1365 554 1423 te
583 1358 625 1424 ad
653 1360 808 1426 ultimum
837 1363 1029 1442 (terminum)
1059 1361 1180 1426 aetatis
1202 1358 1264 1425 hu-

109 1487 234 1532 manae
258 1466 421 1550 uidemus,
446 1467 650 1532 centesimus
673 1469 737 1533 tibi
757 1470 813 1534 uel
836 1491 938 1555 supra
960 1471 1125 1556 premitur
1140 1491 1263 1537 eunus:

75 1604 96 1638 ιο
111 1575 277 1662 agedum,
312 1575 355 1640 ed
386 1577 673 1663 computationem
704 1584 851 1644 aetatem
878 1584 972 1644 tuam
999 1600 1132 1645 reuoca.
1176 1581 1265 1664 Duo,

109 1691 280 1770 quantum
308 1685 438 1750 existo
460 1693 614 1772 tempore
637 1685 795 1767 creditor,
825 1695 990 1772 quantum
1012 1688 1128 1772 amica,
1159 1711 1263 1774 quan·

110 1803 184 1858 tum
213 1816 300 1877 reus,
334 1801 498 1880 quantum
525 1794 630 1860 cliens
660 1794 847 1878 abstulerit,
881 1801 1046 1882 quantum
1071 1795 1114 1861 lis
1135 1797 1263 1882 uxoria,

109 1909 279 1988 quantum
301 1925 475 1969 seruorum
498 1905 669 1988 coercitio,
699 1899 866 1990 quantum
886 1903 1039 1972 officiosa
1060 1927 1123 1992 per
1144 1904 1264 1972 urbem

109 2010 331 2095 discursatio;
356 2011 451 2078 edice
473 2013 622 2096 morbos,
646 2037 730 2100 quos
752 2035 854 2079 manu
875 2011 1028 2097 fecimus,
1051 2013 1148 2080 adice
1171 2013 1264 2100 quod

75 2147 96 2184 o
111 2124 183 2186 eius
218 2121 292 2186 sine
327 2141 391 2185 usu
423 2120 543 2186 iacuit:
577 2122 711 2188 uidebis
739 2131 767 2189 te
793 2123 971 2210 pauciores
1000 2144 1106 2188 annos
1134 2121 1262 2190 habere

110 2251 215 2314 quam
245 2250 411 2294 numeras.
467 2229 601 2317 Repete
630 2232 793 2297 memorie
820 2237 950 2315 tecum,
984 2231 1119 2317 quando
1150 2238 1298 2300 certusB

111 2337 247 2404 consilii
269 2335 383 2422 fueris,
407 2345 530 2423 quotus
553 2339 696 2426 quisque
719 2339 792 2406 dies
815 2347 853 2406 ut
875 2340 1108 2407 destinaueres
1125 2361 1261 2424 proces·

110 2448 211 2532 serit,
245 2445 380 2532 quando
415 2447 478 2512 tibi
512 2469 592 2514 usus
620 2449 670 2514 tui
698 2447 816 2534 fuerit,
851 2449 986 2535 quando
1014 2450 1051 2514 in
1079 2455 1171 2516 statu
1201 2473 1261 2518 suo

110 2553 235 2635 uoltus,
270 2555 406 2638 quando
429 2555 560 2622 animus
583 2555 782 2642 intrepidus,
818 2558 900 2643 quid
923 2558 986 2624 tibi
1008 2559 1044 2624 in
1066 2563 1136 2624 tam
1156 2558 1261 2648 longo

75 2690 97 2726 a
110 2684 197 2729 aeuo
227 2661 311 2729 facti
339 2665 450 2752 operis
481 2665 532 2749 sit,
568 2688 669 2752 quam
696 2666 795 2732 multi
815 2667 922 2733 uitam
944 2675 1038 2733 tuam
1061 2666 1263 2758 diripuerint

109 2779 144 2837 te
177 2794 250 2839 non
283 2773 451 2840 sentiente
486 2775 567 2861 quid
599 2773 770 2862 perderes,
817 2783 981 2862 quantum
1013 2797 1121 2842 uanus
1155 2774 1260 2860 dolor,

110 2881 216 2948 stulta
237 2880 377 2965 laetitia,
400 2883 502 2949 arride
525 2883 702 2971 cupiditas,
725 2885 852 2951 blanda
875 2883 1088 2950 conuersatio
1112 2883 1260 2950 abstule-

109 2987 163 3072 1it,
199 3011 301 3075 quam
331 2992 489 3078 exiguum
518 2993 581 3058 tibi
603 2992 646 3058 de
668 2999 728 3059 tuo
750 2994 906 3060 relictum
929 2993 989 3060 sit:
1023 2992 1204 3080 intelleges
1225 2999 1261 3059 te

110 3097 317 3166 inmaturum
348 3099 465 3167 mori.“
522 3101 612 3179 Quid
646 3124 726 3189 ergo
762 3110 815 3168 est
841 3103 878 3167 in
906 3105 1030 3169 cauea?
1085 3101 1296 3188 Tanquam

77 3229 249 3296 asemper
279 3209 404 3274 uicturi
435 3209 560 3295 uiuitis,
600 3233 784 3296 numquam
816 3211 915 3277 uobis
947 3209 1114 3298 fragilitas
1147 3217 1263 3276 uestra

111 3317 287 3402 succurrit,
316 3340 386 3386 non
406 3319 606 3404 obseruatis,
629 3327 792 3405 quantum
810 3321 877 3386 iam
894 3320 1057 3408 temporis
1075 3319 1260 3404 transierit,

146 3426 243 3492 uelut
270 3450 312 3492 ex
339 3427 440 3514 pleno
472 3437 507 3494 et
535 3428 721 3494 abundanti
749 3430 901 3516 perditis,
937 3452 1014 3496 cum
1035 3430 1170 3496 interim
1191 3427 1261 3495 for·
1279 3435 1329 3492 fol.
1348 3433 1403 3491 ⁷0¹·

693 3627 704 3654 Ι

112 3667 125 3720 1
153 3666 347 3735 ἰωὴᾱοτοΑ
374 3668 507 3735 (ercan)
626 3671 643 3722 4
670 3655 805 3741 adstricti
833 3674 912 3736 (corr.
929 3671 994 3736 sort.
1012 3685 1046 3724 m.
1064 3668 1096 3735 2)
1122 3667 1143 3726 A

111 3752 127 3806 8
144 3753 301 3808 terminum
319 3753 344 3809 t.
363 3753 380 3808 1.
399 3753 463 3808 odd.
482 3752 561 3808 Koch
588 3757 665 3823 (poet
682 3755 827 3811 humanae
846 3757 909 3810 add.
928 3771 1000 3810 unce
1018 3751 1050 3820 a)
1078 3755 1137 3809 coll.
1155 3753 1187 3808 dc
1206 3755 1263 3810 otio

110 3855 169 3906 sap.
187 3841 213 3902 5,
233 3841 255 3890 ⁷.
363 3839 393 3893 10
411 3839 467 3894 duc
485 3838 515 3906 A,
537 3839 555 3894 i.
576 3859 596 3894 e.
616 3847 758 3910 computa,
778 3841 904 3908 subduc;
931 3839 978 3896 dic
996 3855 1039 3910 “9-
1145 3840 1178 3895 12
1195 3857 1262 3895 reus

110 3939 191 3977 conc.
210 3919 232 3980 Ι)
250 3926 372 3980 etmulti
390 3925 458 3994 edd,
477 3927 548 3993 quod
566 3927 824 3982 commodoucrunt
842 3925 998 3994 Stephanus
1017 3933 1042 3980 et
1059 3941 1145 3994 nuper
1164 3923 1261 3980 Gom

111 4007 196 4064 limn
222 4009 279 4064 coll.
299 4025 357 4079 cop.
378 4015 401 4078 7,
428 4013 457 4078 73
484 4029 536 4066 rex
554 4011 583 4079 A,
610 4013 681 4080 quod
702 4015 814 4080 minue
840 4011 944 4080 recepit
961 4011 1125 4066 Gronoscice.

113 4096 144 4148 14
162 4093 245 4150 edice
263 4095 340 4162 quod
358 4095 387 4166 ej
405 4097 475 4167 (qm
489 4099 601 4166 partit.)
619 4099 732 4167 respon
759 4097 842 4154 adice
860 4097 937 4168 quod
954 4095 1016 4153 &A
1034 4097 1070 4162 (d
1087 4113 1175 4164 poene
1191 4097 1261 4150 delr-

112 4187 166 4234 tum
185 4182 250 4249 eet);
277 4180 359 4238 adice
377 4183 454 4252 quod
472 4199 530 4253 uy.;
559 4182 641 4238 adice
660 4189 689 4238 et
707 4183 784 4254 quod
801 4183 912 4251 anm
935 4185 989 4240 olii
1004 4181 1118 4250 denique
1136 4181 1260 4236 otiosum

111 4273 160 4320 aur
181 4267 270 4321 emite
293 4269 359 4336 quid
381 4275 444 4323 ante
462 4269 486 4324 d
505 4269 637 4324 exedisse
653 4277 797 4336 purumne
902 4270 935 4324 15
961 4274 990 4324 te
1009 4284 1066 4336 u9.;
1093 4267 1119 4322 dc
1137 4265 1158 4324 A

162 4364 174 4390 r
875 4366 889 4390 v

24 4431 30 4448 ·
113 4403 144 4456 17
162 4409 246 4471 qotue
264 4402 310 4472 A⁵;
329 4411 412 4460 octus
431 4412 461 4459 ut
478 4405 534 4460 uid.
553 4403 594 4472 A¹,
613 4408 683 4474 quod
700 4409 756 4460 mm
773 4406 806 4464 A²
823 4407 854 4461 in
873 4411 959 4476 qotus
978 4411 1139 4460 correwot.

111 4495 145 4543 ut
162 4487 193 4546 A'
213 4505 280 4544 corr.
300 4507 333 4544 cc
348 4489 385 4545 nl
496 4492 673 4561 processerit
698 4491 809 4561 scriptu
837 4491 992 4548 recesserit
1015 4489 1036 4548 A
1140 4491 1174 4544 20
1198 4495 1262 4557 poet

112 4574 287 4645 diripuerint
311 4576 355 4631 nil
379 4577 434 4632 nisi
457 4585 588 4646 puncmm
616 4593 726 4633 erocum
751 4585 799 4634 ert.
902 4579 937 4634 23
962 4577 1017 4633 tibi
1040 4593 1128 4645 supro
1150 4591 1260 4632 mecm

112 4663 174 4716 odd.
193 4661 228 4718 A·
249 4659 287 4730 (1)
389 4663 424 4718 24
450 4662 523 4718 mori
546 4663 575 4727 A,
601 4665 650 4718 sed
673 4681 690 4718 o
713 4681 747 4718 ec
770 4680 789 4718 a
804 4664 926 4719 rodendo
944 4670 1090 4718 enectum
1108 4669 1156 4718 eet.

111 4748 143 4802 27
160 4747 284 4818 perditis
302 4747 336 4816 A;
354 4747 513 4818 inpenditis
531 4751 599 4804 coni.
619 4747 705 4816 Koch,
722 4751 774 4802 uic
790 4757 869 4804 recte.
1052 4755 1055 4762 '
