3286 5244
266 337 363 420 xxx

267 547 348 608 dium
372 547 542 623 congeriem
564 547 677 618 uidere,
702 565 792 622 quam
814 566 851 605 ex
873 546 911 605 iis
928 553 1081 604 enotatam
1098 545 1254 618 hebemus,
1277 543 1412 603 Fickerti

266 650 512 710 commentarium
545 649 648 724 adeat,
683 648 722 708 ad
748 667 837 723 quem
869 648 1019 708 interdum
1047 647 1078 708 in
1106 647 1318 712 commentario
1346 665 1412 706 meo

210 766 212 776 ’
265 753 409 812 lectorem
432 751 579 829 delegaui,
605 759 637 810 ut
659 752 788 831 exempli
811 771 904 811 cause
920 751 1070 828 inspicere
1087 759 1201 828 posset,
1226 769 1303 827 quae
1320 749 1414 828 scrip-

266 863 401 916 turarum
434 861 570 914 monstra
602 874 638 913 ex
672 875 762 931 quam
795 853 915 933 pusillis
947 853 1142 912 Ambrosiani
1180 853 1298 912 mendis
1337 849 1414 928 (siue

266 957 432 1037 archetypi,
456 977 545 1032 quem
566 956 647 1016 idem
669 958 813 1018 habuisse
834 957 906 1016 mihi
928 975 1107 1034 persuasum
1129 951 1188 1028 est)
1210 956 1240 1014 in
1263 955 1311 1015 hie
1333 955 1414 1014 codi-

266 1061 352 1122 cibus
380 1069 446 1120 orta
476 1069 588 1120 essent.
645 1060 711 1120 Has
740 1060 921 1120 deteriorum
950 1059 1119 1137 scripturas
1144 1079 1180 1119 ex
1203 1059 1340 1118 Fickerti
1362 1080 1414 1138 ap-

265 1165 373 1242 paratu
396 1161 525 1242 sumpsi,
555 1163 597 1222 ita
620 1171 735 1240 tamen,
769 1173 812 1238 ut,
842 1163 923 1240 quod
952 1162 991 1222 ad
1014 1182 1066 1222 eos
1089 1161 1210 1222 codices
1232 1161 1413 1240 pertinebat,

266 1268 375 1344 quibus
397 1266 576 1340 Pincianus,
605 1267 758 1342 Muretus,
787 1266 1020 1344 Dalecampius,
1053 1264 1202 1325 Gruterus
1232 1263 1343 1340 aliique
1366 1263 1414 1322 usi

267 1377 367 1446 erant,
401 1369 507 1428 horum
536 1369 669 1428 uirorum
691 1369 901 1430 adnotationes
928 1369 1003 1428 meis
1032 1367 1143 1443 oculis,
1177 1375 1321 1444 quantum
1349 1365 1414 1425 fieri

265 1481 400 1550 poterat,
428 1462 623 1549 inspicerem,
653 1492 712 1548 quo
736 1469 879 1532 effectum
902 1479 964 1546 est,
988 1480 1022 1531 ut
1044 1478 1075 1530 et
1096 1471 1257 1530 nonnullos
1279 1470 1415 1529 Fickerti

266 1593 384 1635 errores
412 1574 561 1651 corrigere
589 1594 711 1652 possem
740 1583 770 1634 et
798 1575 946 1652 quaedam
968 1575 1048 1633 bona
1070 1572 1197 1648 addere,
1231 1593 1309 1650 quae
1331 1573 1414 1632 illum

266 1675 434 1754 fugerant3‘
457 1685 590 1736 ceterum
617 1678 649 1736 in
677 1685 774 1736 totum
803 1677 964 1755 diligenter
993 1697 1060 1736 eum
1088 1677 1163 1736 haec
1191 1676 1351 1754 collegisse
1385 1684 1416 1736 et

266 1780 443 1858 exposuisse
475 1778 625 1854 intellexi,
660 1787 691 1839 et
723 1780 874 1840 interdum
903 1799 970 1839 eum
1000 1799 1101 1840 errare
1130 1779 1266 1857 potuisse
1294 1778 1415 1838 minime

266 1883 358 1942 miror
380 1891 433 1941 aut
454 1881 602 1959 indignor.
660 1881 738 1942 Sunt
765 1891 865 1943 tamen
893 1883 1030 1942 nonnulli
1058 1882 1245 1960 dialogorum
1266 1882 1350 1956 libri,
1384 1882 1415 1940 in

265 1985 376 2061 quibus
398 1984 485 2063 plura
508 2003 546 2042 ex
575 1984 730 2045 codicibus
753 1985 954 2046 deterioribus
976 1986 1080 2062 attuli,
1108 2005 1184 2061 quos
1211 1985 1340 2063 primum
1367 2005 1414 2042 me

266 2089 436 2166 inspexisse
470 2087 577 2162 credo,
611 2090 740 2148 maxime
774 2089 854 2165 quod
888 2089 985 2149 bonae
1019 2087 1166 2164 quaedam
1201 2088 1413 2163 correctiones,

265 2211 342 2267 quae
361 2190 410 2250 uel
427 2191 484 2250 sub
498 2191 689 2266 antiquorum
701 2191 849 2252 editorum
861 2192 1032 2252 nominihus
1044 2190 1230 2266 ferebantur,
1249 2190 1299 2249 uel
1311 2199 1414 2249 nostro

267 2293 387 2353 demum
409 2301 558 2372 tempore,
589 2303 734 2370 quantum
756 2294 895 2370 equidem
914 2295 997 2369 scio,
1026 2303 1165 2373 repertae
1187 2302 1273 2368 sunt,
1302 2293 1414 2352 iamin

268 2397 305 2456 iis
326 2396 573 2471 inueniebantur;
597 2395 635 2454 de
658 2397 706 2455 his
728 2397 787 2456 iarn
809 2417 906 2476 pauca
929 2397 1057 2458 dicenda
1079 2406 1159 2457 sunt.

352 2499 390 2558 In
412 2499 511 2558 tribus
534 2498 577 2558 de
598 2499 657 2558 ira
678 2499 763 2559 libris
786 2501 897 2560 multas
920 2499 1007 2560 attuli
1026 2499 1194 2578 scripturas
1211 2499 1313 2558 codicis
1330 2499 1413 2558 Lea-

267 2605 394 2661 reationi
416 2605 468 2672 76,
492 2605 543 2677 32,
570 2603 673 2677 quiin
696 2602 843 2680 catalogis
865 2603 1067 2662 bibliothecae
1090 2622 1169 2662 saec.
1192 2601 1260 2662 XII
1282 2603 1414 2680 scriptus

267 2724 335 2764 esse
358 2703 477 2778 dicitur,
507 2704 579 2764 mihi
600 2725 672 2764 uero
695 2713 776 2766 uerte
795 2726 855 2765 uno
877 2707 999 2774 saeculo
1021 2707 1172 2766 recentior
1193 2725 1262 2766 esse
1284 2706 1413 2765 uidetur.

267 2808 518 2868 Membraneceus
529 2815 577 2868 est
588 2807 619 2866 in
630 2805 686 2883 4²⁰,
709 2808 741 2867 in
753 2809 880 2887 singulis
892 2809 1012 2888 paginis
1025 2808 1102 2868 duas
1115 2809 1272 2869 columnas
1283 2808 1414 2882 hebens;

268 2911 552 2988 continet-primum
574 2910 717 2970 nonnulla
740 2909 894 2970 Ciceronis
917 2911 1063 2990 opuscula
1089 2911 1139 2983 (de
1161 2919 1334 2986 senectute,
1363 2931 1416 2990 pa·

266 3014 395 3088 redona,
420 3013 566 3091 epistulas
588 3011 692 3087 Bruti,
716 3016 863 3076 somnium
886 3014 1062 3093 Scipionis),
1093 3014 1202 3075 deinde
1224 3023 1289 3074 tres
1311 3015 1349 3074 de
1371 3016 1416 3074 ira

268 3118 362 3178 libros
384 3137 443 3176 non
465 3115 597 3176 indicato
620 3117 778 3196 scriptoris
799 3117 934 3192 nomine,
962 3124 997 3177 ιιι
1018 3138 1057 3177 ne
1078 3118 1158 3177 tituli
1180 3117 1302 3194 quidem
1324 3117 1415 3178 libro·

268 3241 334 3278 rum
356 3226 512 3299 apparent.
557 3219 691 3297 Tempus
712 3219 784 3279 mihi
806 3240 865 3280 non
888 3221 1080 3298 suppetebat,
1102 3228 1138 3280 ut
1158 3220 1279 3300 plenam
1302 3221 1415 3282 codicis

269 3323 468 3383 conlationem
489 3323 692 3396 instituerem
723 3322 778 3382 sed
805 3323 972 3401 permultas
1001 3324 1066 3384 eius
1089 3323 1255 3402 scripturas
1278 3326 1416 3404 excerpsi

179 3487 182 3493 ,
269 3424 396 3484 maxime
424 3423 473 3504 ad¹
491 3444 543 3484 eos
570 3424 653 3484 locos
681 3426 882 3503 pertinentes,
916 3425 955 3484 de
984 3427 1092 3502 quibus
1126 3427 1237 3505 ambigi
1272 3430 1414 3516 sciebam,

270 3512 594 3605 quomodo'scribendi
617 3535 730 3604 essent,
754 3528 888 3604 aliasque
909 3537 1013 3606 partes
1024 3530 1165 3615 'integras
1181 3530 1312 3608 perlegi;
1337 3531 1416 3591 uude

269 3628 428 3690 adfirmare
457 3649 581 3706 possum
609 3631 689 3690 hunc
717 3631 869 3708 codicem,
899 3651 967 3691 cum
995 3632 1146 3692 interdum
1173 3633 1270 3694 bonas
1298 3654 1415 3694 correc-

177 3733 178 3737 ’
268 3733 365 3792 tiones
387 3732 547 3810 praebeat,
578 3743 680 3794 tamen
702 3744 734 3794 et
754 3735 952 3812 neglegenter
974 3736 1120 3815 scripturn
1144 3755 1212 3795 esse
1235 3745 1266 3795 et
1288 3735 1415 3797 licenter

268 3835 497 3914 interpolatum,
528 3835 571 3894 ite
593 3843 627 3894 ιιι
649 3836 797 3912 dubitem,
811 3869 814 3875 Δ
827 3857 865 3896 au
888 3857 949 3897 non
971 3857 1081 3916 operae
1103 3838 1233 3916 pretium
1255 3841 1296 3900 sit
1319 3849 1415 3900 toturn

270 3937 417 3998 conferre.
483 3937 609 3998 Praeter
637 3959 689 4000 ees
718 3940 807 4000 huius
830 3940 943 4000 codicis
966 3941 1149 4021 scripturas,
1173 3961 1250 4016 quas
1271 3942 1373 4002 littera
1396 3943 1415 4001 L

270 4043 405 4118 signatas
434 4040 464 4098 in
492 4042 706 4122 commentario
733 4043 836 4120 anuli,
870 4045 919 4102 hic
948 4042 1058 4104 eddam
1086 4044 1243 4104 librarium
1263 4045 1415 4104 incuriose

270 4147 452 4206 scribentem
480 4143 657 4223 saepissime
684 4147 778 4206 uerba
810 4147 944 4224 singula,
978 4145 1129 4206 interdum
1162 4148 1253 4207 etiam
1285 4148 1415 4226 plurium

270 4249 429 4308 uerborum
452 4247 560 4307 seriem
583 4249 736 4324 omisisse,
771 4249 842 4308 alibi
865 4249 958 4308 uerba
987 4248 1025 4308 de
1053 4268 1107 4308 suo
1141 4249 1310 4326 addidisse,
1345 4251 1415 4310 ahbi

269 4351 430 4410 uerborum
452 4349 587 4410 ordinem
609 4348 752 4425 mutasse,
777 4351 848 4411 alibi
870 4352 964 4411 uerba
986 4351 1092 4410 similis
1110 4351 1338 4428 significationis
1360 4375 1415 4432 pro

269 4453 407 4530 genuinis
424 4453 630 4530 substituisse,
643 4453 714 4512 alibi
731 4453 821 4513 simul
837 4454 975 4532 pluribus
992 4454 1089 4514 modis
1101 4474 1229 4515 errasse.
1269 4457 1416 4535 Exempla

270 4555 344 4614 haec
367 4554 487 4616 adferre
509 4556 580 4616 mihi
602 4555 651 4616 hic
674 4555 777 4615 hceat:
805 4579 835 4636 p.
861 4558 911 4632 54,
935 4559 954 4614 4
977 4556 1008 4616 in
1031 4560 1050 4618 L
1068 4560 1211 4637 legimus:
1250 4558 1327 4634 Quid
1347 4561 1417 4632 quid

271 4661 326 4719 too
354 4678 413 4718 noa
441 4663 486 4718 iro
513 4662 635 4718 raised
657 4665 803 4734 tamquam
831 4663 891 4734 ira,
926 4681 955 4738 p.
980 4663 1037 4738 ῦὸ,
1063 4665 1117 4723 17:
1148 4666 1183 4720 ul
1203 4679 1263 4720 uos
1290 4666 1332 4721 cst
1358 4664 1416 4721 illis
1471 4715 1473 4719 .
