3176 5248
302 403 343 444 sc
366 401 547 444 csnmoumr
569 404 610 444 oc
632 403 706 446 v1rs
728 403 841 464 asses,
869 404 1103 447 xxm-uxum.
1216 383 1279 448 251

140 591 199 654 que
224 566 408 652 materiam,
442 566 479 632 in
503 590 569 653 qua
591 568 661 634 tela
682 575 799 634 uestra
820 568 977 656 figantur.
1001 567 1010 653 11
1032 568 1142 636 Uobis
1165 577 1314 640 autem4

139 683 231 744 uacat
251 677 361 743 aliena
384 677 529 743 scrutari
548 676 639 742 mala
662 684 696 742 et
719 677 906 744 sententias
923 677 1012 743 serre
1031 677 1074 742 de
1091 700 1278 763 quoquam:
1296 669 1347 726 f01·
1362 667 1425 726 5⁷*

140 786 245 871 ‘quare
277 785 334 851 hic
368 784 592 872 philosophus
619 785 729 852 laxius
756 784 905 870 habitat,
940 809 1042 872 quare
1070 784 1126 852 hic
1154 785 1281 852 lautius

138 895 285 960 cenatl'?
315 894 458 981 papulas
482 893 673 961 obseruatis
696 894 834 978 alienas,
859 895 961 982 opsiti
983 893 1135 981 plurimis
1157 895 1279 960 [alceri-

113 1002 216 1069 sbusl
237 1001 302 1068 hoc
324 1001 394 1067 tale
418 1006 479 1086 est,
503 1003 602 1087 quale
625 1003 654 1068 si
677 1002 753 1088 quis
774 1003 1078 1089 pulcherrimorum
1101 1025 1280 1091 corporum

136 1133 256 1178 naeuos
279 1117 339 1177 aut
360 1133 520 1178 uerrucas
544 1111 709 1195 derideat,
732 1133 833 1196 quem
853 1108 955 1178 foeda
973 1112 1106 1178 scabies
1125 1113 1279 1199 depasci-

137 1227 195 1285 tur.
248 1220 384 1286 Obicite
405 1219 552 1304 Platoni,
587 1219 680 1305 quod
707 1220 845 1306 petierit
867 1221 1057 1306 pecuniam,
1090 1219 1314 1306 Aristotelio
1424 1281 1429 1300 ,

138 1327 222 1412 quod
239 1328 419 1415 acceperit,
441 1327 649 1413 Democrito,
674 1327 765 1414 quod
782 1328 983 1414 neglexerit,
1004 1329 1165 1416 Epicuro,
1188 1330 1281 1415 quod

138 1436 392 1523 consumpserit3
414 1435 498 1502 mihi
519 1437 586 1524 ipsi
596 1435 802 1502 Alcibiadem
825 1443 861 1503 et
877 1437 1067 1504 Phaedrum
1091 1437 1279 1504 obiectate:

103 1567 156 1610 1⁰0
181 1567 239 1611 uos
266 1548 288 1622 †
315 1568 380 1612 usu
405 1545 551 1611 maxime
580 1543 714 1630 felices,
749 1568 826 1611 cum
854 1545 1001 1632 primum
1029 1545 1127 1613 uobis
1155 1546 1281 1612 imitari

135 1653 214 1719 uitia
239 1661 357 1720 nostra
386 1653 583 1740 contigerit!
639 1654 729 1732 Quin
749 1654 865 1741 potius
887 1654 977 1720 mala
998 1661 1114 1720 uestra
1138 1655 1279 1720 circum·
1297 1670 1314 1723 6

136 1761 269 1848 spicitis,
304 1784 392 1847 quae
414 1784 476 1828 uos
500 1762 542 1828 ab
567 1762 659 1828 omni
681 1768 779 1858 parte
803 1761 1013 1847 confodiunt,
1037 1761 1103 1828 alia
1123 1785 1279 1846 pressan-

134 1871 178 1936 tia
200 1871 418 1956 extrinsecus,
453 1869 520 1937 alia
540 1870 578 1935 in
599 1870 788 1936 uisceribus
811 1870 893 1958 ipsis
917 1870 1094 1937 ardentia?
1137 1871 1215 1936 Non
1239 1893 1279 1936 eo

132 1977 204 2046 loco
231 2001 287 2046 res
315 1979 482 2045 humanae
511 1985 606 2063 sunt,
639 1979 742 2045 etiam
769 1978 799 2044 si
826 1986 954 2045 statum
981 1985 1134 2044 uestrum
1161 2001 1280 2066 parum

101 2087 246 2174 anoctis,
279 2094 318 2154 at
344 2087 443 2153 uobis
466 2093 600 2152 tantum
622 2088 684 2155 otii
706 2087 863 2173 supersit,
897 2093 936 2152 ut
957 2088 993 2152 in
1014 2088 1141 2173 probra
1162 2087 1279 2152 melio-

132 2216 202 2260 rum
229 2195 360 2284 agitare
388 2195 540 2283 linguam
562 2203 671 2263 uacet.
726 2195 897 2262 XXVIII.
953 2196 1031 2262 Hoc
1053 2218 1115 2262 uos
1137 2217 1207 2261 non
1228 2194 1314 2260 in-1

133 2303 291 2392 tellegitis
315 2311 350 2370 et
373 2305 521 2370 alienum
542 2301 700 2371 fortunae
723 2291 862 2370 uestrae
884 2304 1018 2369 uultum
1039 2304 1168 2388 geritis,
1192 2303 1281 2369 sicut

132 2413 279 2498 plurimi,
324 2412 447 2498 quibus
484 2415 522 2479 in
560 2413 651 2478 circo
686 2419 745 2478 aut
776 2411 911 2478 theatro
947 2412 1180 2478 desidentibus
1212 2412 1281 2476 iam

132 2519 264 2588 funesta
298 2521 418 2588 domus
452 2528 505 2588 est
536 2543 601 2588 nec
636 2520 874 2587 adnuntiatum
906 2521 1047 2606 malum;
1082 2528 1118 2586 at
1144 2541 1209 2607 ego
1239 2543 1281 2586 ex

102 2629 198 2696 salto
228 2629 442 2717 prospiciens
475 2629 592 2716 uideo,
627 2652 714 2716 quae
741 2636 966 2717 tempestates
995 2635 1053 2696 aut
1079 2629 1281 2694 immineant

133 2737 225 2804 uobis
264 2737 368 2824 paulo
406 2736 537 2803 tordius
574 2745 736 2825 rupturae
774 2739 928 2804 nimbum
961 2759 1074 2822 suum,
1119 2743 1179 2802 aut
1210 2740 1280 2801 iam

134 2845 262 2912 uicinae
283 2867 346 2912 uos
369 2869 410 2912 ao
431 2853 548 2912 uestra
569 2853 729 2932 rapturae
750 2847 891 2933 propius
916 2845 1130 2912 accesserint.
1187 2844 1313 2922 Ques

134 2955 254 3039 porro?
276 2976 385 3021 nonne
406 2975 498 3019 nunc
521 2975 665 3040 quoque,
690 2956 793 3020 etiam
816 2955 987 3042 siparum
1009 2953 1153 3038 sentitis
1178 2953 1279 3017 turbo

133 3243 148 3298 2
163 3249 247 3299 uacat
265 3244 286 3300 Α
304 3245 333 3312 (c
351 3260 385 3300 ea·
402 3261 422 3314 g
438 3245 564 3299 radendo
582 3244 664 3311 corr.)
768 3243 846 3315 ferre
863 3243 998 3299 tatami
1016 3244 1052 3301 A²
1161 3244 1178 3299 4
1196 3242 1280 3298 obsiti

132 3326 165 3384 l*
193 3329 224 3396 (b
242 3345 276 3383 ecc
294 3346 312 3399 p
330 3329 412 3397 corr.)
524 3330 541 3384 6
567 3344 651 3384 cecos
669 3333 720 3384 aut
738 3328 771 3385 lll
797 3329 901 3396 (nenos
918 3331 950 3382 ia
967 3344 1078 3396 rasura,
1105 3335 1157 3384 aut
1175 3335 1282 3384 tantum

131 3413 307 3480 reamissa).
410 3413 498 3470 foeda
514 3415 569 3469 dcc
587 3412 610 3471 D
628 3421 654 3469 et
669 3414 785 3482 Lipsius
803 3413 882 3482 (feda
902 3416 956 3469 dcc
974 3415 1027 3470 alii
1043 3411 1092 3482 D);
1109 3412 1213 3470 ferall

132 3499 286 3570 Ipecunia
311 3499 499 3556 *aristoteli
516 3498 567 3568 lu
594 3497 719 3570 pecunia
740 3498 829 3554 maris
847 3499 932 3556 toteli
950 3499 987 3556 Αι
1063 3500 1080 3554 9
1097 3498 1281 3554 Alcibiadem

131 3591 159 3642 et
180 3585 347 3641 Phaedrum
370 3586 523 3655 Erasmus3
541 3585 580 3656 slj
599 3584 650 3640 ubi
668 3585 763 3654 aiae
782 3585 807 3640 a
825 3583 957 3657 pedruA
1060 3585 1232 3640 oblocutos
1258 3582 1280 3640 Α

130 3672 273 3740 (mucium
293 3673 324 3724 ia
347 3689 402 3727 raa.
425 3673 510 3727 acius
534 3674 649 3738 litterae,
673 3671 737 3736 fort.
763 3671 797 3736 s).
902 3673 936 3726 10
961 3689 1014 3726 uos
1036 3689 1093 3726 usu
1114 3669 1279 3727 maximat

130 3757 351 3825 corruptions
369 3757 472 3812 Koma
492 3758 676 3823 defensionem
699 3772 756 3811 noa
778 3771 877 3824 moror,
899 3772 960 3811 crim
982 3756 1019 3810 iis
1043 3757 1115 3824 icem,
1141 3773 1207 3824 quos
1230 3758 1279 3810 ad-

128 3843 187 3910 seri,
205 3859 262 3897 usu
279 3857 359 3897 sicam
376 3845 433 3896 uim
449 3843 556 3909 tabeat,
574 3857 656 3910 wan
671 3841 717 3897 tie
734 3837 789 3896 con
805 3841 911 3909 hatelh
930 3859 982 3896 uos
1000 3840 1126 3896 maxime
1138 3841 1279 3908 Marciam

1082 3937 1096 3964 n

130 3998 179 4036 uos
198 3985 262 4034 tum
279 3979 363 4047 (tunc
380 3995 437 4034 esse
454 3978 575 4044 debebat)
594 3977 719 4034 maxime
740 3977 909 4034 Grcncuius.
986 3978 1017 4032 11
1036 3977 1086 4047 qui
1113 3979 1195 4045 (corr.
1212 3978 1279 4044 sort.

130 4083 160 4119 na
177 4065 210 4133 2)
237 4065 259 4122 Α
363 4065 396 4118 12
422 4063 589 4133 grassantia
610 4081 669 4132 cys
697 4063 900 4121 crassantial
1004 4063 1037 4118 15
1063 4071 1097 4119 ut
1113 4063 1198 4118 uobis
1222 4081 1279 4133 spe

132 4151 260 4208 euobis
281 4151 305 4207 A
408 4155 493 4206 tantu
517 4151 568 4204 ciii
590 4150 625 4207 Μ
655 4148 701 4217 (Αι
727 4155 844 4205 tantum
868 4148 928 4204 otia
951 4149 1079 4204 tctsime
1102 4166 1134 4204 ec
1156 4148 1279 4207 nonan

131 4239 268 4306 scripsere
283 4236 429 4306 mapicor).
517 4237 611 4304 nupsit
626 4234 660 4292 ,p
678 4237 744 4306 (sup
764 4242 869 4291 tanam
886 4241 1056 4302 rcwcctsm,
1074 4234 1114 4289 sit
1132 4237 1161 4290 in
1178 4251 1280 4292 rasura

131 4323 251 4390 maiore);
270 4327 396 4392 supsunt
412 4329 444 4377 ut
459 4321 516 4376 sid.
535 4321 571 4378 Αι
678 4323 710 4377 17
727 4326 825 4392 uentre
844 4320 865 4377 ll
883 4321 950 4387 (non
967 4320 1079 4390 nostre)
1185 4322 1217 4375 19
1235 4327 1281 4376 est

131 4411 157 4463 in
172 4424 231 4463 ras.
249 4406 285 4464 Α6
390 4409 425 4463 20
451 4407 567 4477 ,papicio
591 4407 677 4464 uideo
701 4409 781 4462 initio
800 4409 949 4474 scripserat
965 4407 1012 4474 A',
1040 4407 1088 4460 sed
1104 4406 1170 4476 ipsc
1186 4407 1280 4462 statim

133 4547 257 4612 conscie,
283 4552 315 4601 ui
335 4545 424 4610 ficret:
458 4505 678 4615 pspicienlsidec
781 4546 815 4598 21
842 4543 900 4598 iam
921 4559 965 4612 cy.
992 4558 1041 4612 ,ee
1063 4549 1153 4597 seim
1170 4545 1280 4598 scaone

133 4630 287 4699 Racicni¹⁴3
308 4632 379 4688 ael
481 4629 515 4686 23
541 4647 637 4685 nonne
655 4647 733 4686 nunc
751 4647 866 4700 quoque
883 4629 937 4684 dcc
955 4626 978 4685 D
996 4635 1022 4684 et
1039 4645 1096 4697 u9.;
1126 4646 1184 4684 non
1202 4647 1279 4685 nunc

133 4735 165 4773 ne
183 4715 312 4786 quoq;A
531 4711 537 4725 '
