3182 5252
295 349 337 391 sn
359 347 503 390 aarum
523 347 564 388 nn
586 346 853 398 ramorumraru
875 347 977 406 urm,
999 348 1155 392 rur-xiv.
1236 323 1301 390 295

144 515 230 580 bam
259 518 393 596 exeunt,
425 511 545 578 inanes
579 517 614 577 et
645 510 741 576 leues
769 533 891 578 causae
919 531 982 598 per
1009 510 1129 576 urbem
1159 511 1300 578 circum·

146 622 291 706 ducunt,
318 620 471 706 nihilque
500 618 694 704 habentem,
724 619 765 685 in
787 619 881 706 quod
900 618 1044 704 laboret,
1065 618 1124 684 lux
1145 626 1222 684 orta
1244 641 1300 686 ex-

143 731 258 818 pellit,
293 737 434 796 etcum
461 729 645 794 multorum
672 725 801 794 frustm
821 727 995 794 liminibus
1016 725 1136 794 inlisus
1159 749 1300 794 nomen-

145 839 299 906 clatores
342 837 576 926 persalutauit,
620 859 642 903 a
684 835 800 902 multis
846 836 1001 902 exclusus
1044 837 1216 902 neminem
1259 857 1302 902 ex

115 947 309 1014 romnibue
332 945 504 1012 difficilius
526 945 620 1012 domi
642 967 743 1030 quam
766 967 803 1011 se
825 945 997 1012 conuenit.
1047 943 1102 1010 Ex
1123 937 1189 1010 hcc
1211 945 1336 1012 malos

146 1055 325 1144 dependet
357 1053 441 1120 illud
468 1052 702 1120 taeterrimum
727 1054 860 1138 uitium,
894 1052 1096 1120 auscultatio
1123 1059 1158 1118 et
1189 1053 1300 1140 publi·

67 1143 71 1152 ’
144 1185 268 1230 corum
290 1169 567 1248 secretorumque
583 1160 758 1247 inquisitio
770 1168 806 1227 et
822 1161 1004 1228 multanrm
1020 1175 1133 1228 rernm
1150 1161 1301 1246 scientia,

145 1295 238 1358 quae
260 1293 327 1338 nac
348 1277 424 1338 tuto
446 1276 628 1336 narrantur
647 1291 714 1336 neo
735 1276 812 1336 tuto
835 1269 1028 1336 audiuntur.

234 1379 337 1466 xm.
392 1379 470 1446 Hoc
499 1384 653 1444 secutum
681 1383 764 1465 puto
792 1377 1028 1445 Democritum
1056 1377 1106 1445 ita
1134 1379 1336 1466 coepissezl

106 1521 133 1557 a
148 1489 231 1567 ‘Qui
259 1487 442 1573 tranquille
463 1487 559 1554 uolet
580 1487 708 1570 uiuere,
741 1509 806 1552 nec
827 1487 985 1571 priuatim
1007 1493 1088 1574 egat
1110 1488 1218 1554 multa
1238 1509 1302 1555 neo

146 1597 311 1686 publice',
335 1597 380 1663 ad
402 1617 613 1683 superuacua
635 1593 767 1661 scilicet
787 1594 1009 1662 referentem:
1032 1617 1113 1661 nam
1134 1596 1164 1661 si
1184 1617 1303 1662 neces·

146 1707 241 1772 saria
269 1713 359 1792 sunt,
389 1711 425 1771 et
452 1703 614 1791 priuatim
644 1709 679 1768 et
699 1703 835 1790 publice
857 1725 929 1770 non
950 1710 1084 1770 tanturn
1105 1703 1212 1770 multa
1241 1705 1303 1770 sed

146 1813 413 1880 innumerabilia
436 1811 571 1898 agenda
594 1817 688 1896 sunt;
722 1811 783 1877 ubi
804 1834 887 1878 uero
909 1812 1040 1878 nullum
1062 1809 1213 1878 officium
1235 1812 1302 1878 sol·

146 1923 264 1988 lemna
285 1943 350 1988 nos
372 1921 466 2007 citat,
488 1919 696 1986 inhibendae
716 1919 878 1987 actiones.
912 1921 999 1986 Nam
1018 1919 1076 2005 qui
1092 1919 1200 1985 multa
1221 1921 1338 2006 agita

108 2063 133 2100 a
146 2053 255 2118 saepe
276 2028 432 2096 fortunae
452 2035 661 2117 potestatem
683 2028 737 2094 eui
765 2027 858 2110 facit,
891 2049 994 2114 quam
1020 2027 1228 2094 tutissimum
1251 2036 1304 2094 eet

146 2159 227 2206 raro
252 2139 407 2226 experiri,
430 2145 583 2204 ceterum
604 2158 739 2224 semper
761 2137 804 2202 de
826 2136 887 2202 illa
908 2137 1059 2223 cogitare
1078 2135 1215 2202 etnibil
1238 2137 1303 2204 sibi

147 2246 193 2313 de
217 2245 287 2312 fide
310 2246 381 2314 eius
404 2247 618 2333 promittere:
645 2245 846 2332 „navigaba
868 2243 936 2310 nisi
958 2245 987 2310 si
1009 2244 1092 2331 quid
1113 2244 1302 2331 inciderit“,

147 2363 202 2421 et:
238 2354 507 2442 ,praetorfiam
529 2355 647 2421 nisisi
669 2354 752 2440 quid
774 2351 977 2438 obstiterit“,
1007 2359 1058 2420 et:
1094 2355 1302 2440 „negotiatio

146 2461 235 2528 mibi
266 2463 497 2550 respondebit,
531 2463 599 2529 nisi
632 2463 661 2529 si
694 2462 777 2549 quid
808 2459 1064 2529 interuenerit“.
1123 2461 1201 2529 Hoc
1241 2469 1338 2548 est,3

107 2603 133 2642 rc
147 2592 257 2657 quare
290 2571 436 2658 sapienti
463 2569 548 2637 nihil
576 2577 695 2637 contra
722 2571 919 2658 opinionem
948 2569 1100 2636 dicamus
1129 2570 1301 2638 accidere:

147 2701 222 2746 non
243 2677 339 2745 illum
361 2679 497 2746 casibus
518 2677 694 2745 hominum
717 2679 928 2766 excerpimus
950 2678 1013 2744 sed
1036 2678 1216 2765 erroribus,
1238 2701 1310 2758 neo·

145 2787 201 2853 illi
235 2787 348 2853 omnia
379 2795 418 2853 ut
450 2787 561 2854 uoluit
594 2786 721 2853 cedunt
753 2786 815 2853 sed
846 2792 885 2851 ut
918 2785 1099 2873 cogitauit;
1148 2785 1302 2873 inprimis

147 2901 266 2962 autem
299 2895 467 2982 cogitauit
507 2894 635 2980 aliquid
667 2917 769 2982 posse
802 2894 988 2981 propositis
1022 2895 1091 2960 suis
1124 2894 1301 2979 resistere;

146 3025 294 3070 necesse
325 3009 379 3069 est
405 3009 520 3069 autem
541 3003 650 3070 leuius
673 3002 718 3070 ad
741 3003 890 3069 animum
911 3002 1092 3089 peruenire
1115 3001 1302 3070 destitutae

108 3144 134 3184 a
149 3110 348 3198 cupiditatis
378 3111 540 3196 dolorem,
574 3111 630 3177 cui
652 3132 846 3177 successum
867 3131 938 3176 non
959 3111 1077 3195 utique
1098 3111 1302 3196 promiseris.

234 3218 333 3285 XIV.
377 3218 517 3285 Faciles
537 3220 644 3286 etiam
670 3241 734 3286 nos
761 3218 875 3285 facere
898 3218 1077 3284 debemus:
1106 3240 1150 3284 ne
1172 3217 1181 3304 l
1202 3218 1337 3295 nimis1

149 3325 331 3394 destinatis
347 3327 450 3394 rebus
467 3326 713 3414 indulgeamus,
736 3335 1016 3412 transeamusque
1034 3326 1071 3392 in
1090 3348 1140 3412 ea,
1162 3326 1199 3392 in
1216 3348 1303 3412 quae
1321 3327 1371 3384 fot
1389 3325 1452 3383 ffiv.

147 3456 213 3501 nos
235 3456 334 3500 casus
358 3434 553 3520 deduxerit3
576 3457 640 3500 neo
657 3436 878 3502 mutationem
896 3441 955 3502 aut
976 3434 1096 3501 consili
1118 3441 1178 3500 aut
1195 3441 1303 3502 status

148 3543 439 3630 pertimescemus,
462 3543 543 3610 dum
559 3543 661 3610 modo
679 3565 742 3610 nos
758 3543 891 3630 leuitas,
910 3543 1180 3610 inimicissimum
1198 3543 1304 3629 quieti

111 3685 136 3724 a
150 3651 280 3737 uitium,
304 3672 375 3717 non
398 3651 560 3739 excipiat;
593 3673 674 3718 nam
696 3658 731 3718 et
752 3652 942 3739 pertinacia
962 3673 1104 3718 necesse
1128 3657 1180 3718 est
1203 3652 1302 3718 anxia

151 3856 381 3867 ——-——

149 3979 167 4032 2
193 3976 304 4047 inquod
329 3977 413 4032 labor
440 3976 557 4033 &luxl
661 3977 679 4030 3
704 3975 937 4033 nomenclatores
965 3977 1018 4032 duo
1045 3973 1067 4033 b
1093 3983 1120 4032 et
1136 3973 1303 4045 Pinetam

145 4055 372 4118 'nomenculator
391 4062 461 4118 eal
547 4063 564 4117 6
582 4061 727 4132 dependet
745 4079 800 4132 up:
826 4060 1025 4131 deprendetl
1111 4061 1264 4117 teterrima
1283 4062 1306 4119 Α

253 4147 271 4202 9
288 4147 419 4217 coepisse
435 4164 495 4216 aa:
513 4147 627 4218 cepisse
645 4149 678 4214 A:
705 4147 890 4217 praecepisse
908 4147 978 4202 roni.
996 4145 1078 4201 Kooi
1095 4162 1151 4202 aon
1167 4148 1304 4217 improbo-

150 4233 249 4300 br'titm
268 4236 395 4300 quemuis
412 4248 469 4287 noe
485 4233 651 4299 defendetur
667 4235 725 4288 loco
743 4234 786 4288 to.
805 4233 839 4287 rie
856 4234 902 4286 ira
920 4231 979 4298 111,
997 4233 1023 4300 6,
1042 4231 1067 4286 3.
1126 4234 1159 4287 10
1175 4233 1302 4304 tranqlle

151 4317 251 4382 Α(κό
267 4319 380 4386 αίνωιῐα
397 4333 453 4373 aon
469 4325 509 4373 eet
528 4335 546 4371 a
562 4333 597 4371 aa
616 4317 645 4383 1)
740 4317 919 4374 renouetur
936 4317 958 4373 Α
1054 4317 1087 4370 15
1104 4315 1241 4373 ior-tunae
1259 4335 1318 4387 ap.v

150 4419 184 4457 ee
201 4399 237 4469 D:
255 4399 374 4458 fortuna
392 4402 414 4459 Α
516 4401 551 4457 23
568 4401 679 4472 aliquid
696 4403 733 4472 A;
753 4402 834 4458 aliud
851 4403 1006 4473 typothetae
1023 4417 1113 4458 errore
1128 4404 1159 4457 tn
1177 4404 1218 4457 ed.
1236 4401 1304 4473 leip-

150 4487 239 4544 aienri
254 4488 325 4544 1702
340 4494 373 4543 stt
389 4488 446 4543 uid.
464 4495 554 4544 ortum
569 4489 693 4557 plerique
710 4489 769 4544 edd
788 4495 925 4558 sequentes
952 4490 1018 4557 (non
1036 4495 1127 4544 tamea
1145 4487 1304 4556 Bipcntiae)

148 4580 307 4628 moreat
410 4575 446 4628 28
462 4573 655 4629 mutationem
673 4573 804 4645 Madaip:
830 4572 993 4630 mutatione
1011 4574 1046 4640 t;
1064 4573 1242 4630 mutationes
1259 4587 1305 4644 ap.

254 4655 369 4714 consilii
385 4675 430 4728 ap.
445 4657 691 4728 portiterem:
710 4658 834 4714 consilia
853 4658 874 4714 Α
