3286 5244
1217 379 1343 442 XXIII

280 569 403 632 Accede
426 570 466 630 ed
487 569 727 649 praepositiones
750 569 878 629 maxime
896 570 984 630 unius
1002 569 1137 646 syllabae
1156 589 1223 629 cum
1242 571 1343 630 uerbis

192 674 389 752 compositas.
436 673 526 746 Quod
548 671 587 732 ad
609 673 863 752 praepositionem
885 673 925 730 ud
945 672 1086 750 pertinet,
1109 673 1274 734 notandum
1296 685 1343 734 est

192 797 315 856 semper
336 777 368 836 in
391 775 496 836 codice
518 794 657 850 apparere
679 773 780 849 scribi,
804 775 875 834 item
897 793 1017 853 semper
1038 777 1164 849 uspiccrc
1185 772 1231 851 (ut
1254 777 1343 837 etiam

193 879 420 940 substantiuum
452 883 597 954 meeum,
629 879 689 938 nisi
722 877 802 954 quod
829 898 888 938 unc
917 887 947 937 et
975 878 1069 938 altero
1098 877 1163 938 loco
1191 881 1345 954 adspeotm

192 979 372 1062 reperitur);
407 991 541 1044 ceterum
568 982 657 1042 ualde
686 982 894 1042 inconstanter
924 981 955 1038 d¹
985 982 1063 1042 hanc
1091 983 1345 1061 praepositionem

194 1089 227 1148 in
250 1085 425 1166 compositis
447 1075 605 1158 tractauit,
640 1085 682 1145 ita
710 1093 756 1160 ut,
791 1084 842 1144 ubi
871 1085 1122 1146 adsimilaticnem
1149 1087 1212 1164 pati
1234 1093 1345 1164 potest,

196 1190 269 1250 alibi
291 1191 434 1270 patiatur,
457 1188 529 1249 alibi
546 1189 661 1248 intacta
676 1195 805 1262 maneat,
825 1195 896 1247 ante
911 1207 952 1262 qu
970 1195 1001 1248 et
1019 1204 1034 1246 s
1051 1189 1202 1266 impurum
1221 1189 1309 1248 modo
1328 1169 1348 1248 d

196 1301 338 1354 seruetur
370 1291 459 1353 modo
493 1289 650 1350 abiciatur.
712 1291 800 1350 Hane
828 1309 935 1350 manus
967 1291 1081 1370 primae
1115 1291 1346 1352 inconstantiam

196 1399 228 1458 in
256 1397 387 1458 editione
414 1396 480 1455 fare
506 1413 627 1473 semper
656 1413 778 1454 seruare
807 1394 903 1454 satius
933 1393 1022 1468 duxi,
1056 1394 1114 1454 nisi
1148 1393 1228 1470 quod
1256 1396 1347 1455 inter-

197 1501 285 1574 dum,
319 1500 371 1560 nbi
404 1498 484 1559 idem
517 1497 642 1557 uerbum
675 1516 770 1577 paruo
797 1498 954 1558 interiecto
983 1497 1081 1575 spatio
1110 1495 1230 1556 diuerso
1258 1497 1346 1557 modo

196 1605 346 1683 scriptum
385 1601 540 1676 uidebam,
586 1601 740 1662 continere
778 1621 827 1660 mc
859 1619 919 1660 ncn
958 1600 1057 1678 potui,
1103 1601 1175 1676 quin
1216 1601 1347 1677 aequali-

196 1715 292 1767 tatem
331 1702 515 1783 corrigendo
548 1701 716 1778 efficerem
755 1713 914 1782 praeterea
952 1723 1008 1763 nec
1034 1704 1181 1762 'adsedere
1220 1703 1348 1764 toleraui

197 1807 240 1888 (p.
265 1811 315 1884 99,
338 1805 372 1882 9)
405 1826 462 1868 nec
483 1808 639 1866 ommibus
665 1803 707 1886 (p.
733 1809 781 1882 18,
808 1803 859 1882 18)
892 1825 948 1867 nec
975 1823 1138 1866 ammonere
1165 1802 1206 1884 (p.
1230 1807 1281 1880 40,
1308 1803 1347 1882 1),

198 1919 235 1972 ut
266 1932 304 1972 ne
337 1929 422 1986 quera
455 1911 591 1971 mnodum
624 1909 761 1986 quidem,
785 1901 877 1987 quod
909 1909 1088 1986 aliquotiens
1122 1907 1267 1988 scriptum
1301 1917 1348 1968 est

199 2013 243 2094 (p.
262 2017 292 2088 4,
316 2015 335 2074 3
355 2009 422 2088 al),
435 2023 474 2054 *-
498 2013 688 2093 Praepositio
710 2017 742 2072 in
764 2021 834 2075 ante
852 2034 885 2088 p,
908 2015 933 2073 b.
956 2033 986 2071 m
1008 2013 1037 2072 in
1061 2011 1236 2090 compositis
1259 2012 1347 2072 modo

200 2117 329 2178 formam
351 2137 438 2178 suam
460 2123 573 2192 seruat,
595 2115 684 2177 modo
706 2117 738 2176 in
758 2120 799 2176 tm
821 2125 962 2192 mutatur,
992 2137 1082 2194 quam
1103 2115 1349 2192 inaequalitatem

200 2222 339 2283 similiter
366 2223 397 2282 in
426 2221 557 2282 editione
585 2221 709 2292 retinui3
743 2221 795 2280 ubi
819 2223 832 2279 i
857 2220 1003 2298 scriptum
1032 2227 1111 2294 erat,
1146 2227 1180 2278 ut
1202 2219 1348 2278 incertum

201 2335 299 2400 esset,
327 2333 429 2386 utrum
451 2329 490 2386 cn
513 2345 551 2386 an
573 2328 605 2384 iu
627 2323 725 2402 accipi
745 2323 895 2384 noluisset
917 2323 1072 2396 librarius,
1101 2341 1220 2400 semper
1243 2325 1254 2380 ἱ
1280 2331 1349 2382 ente

200 2427 324 2490 easdem
344 2435 408 2490 tres
430 2427 548 2490 litteras
570 2427 601 2488 in
623 2429 662 2486 im
679 2426 772 2500 soluI;
796 2445 917 2504 semper
932 2425 996 2486 fere
1014 2428 1154 2498 iuipcrarc
1173 2424 1347 2500 (imperator,

202 2525 365 2606 moruus)
388 2530 547 2607 scribitur,
576 2529 649 2592 item
678 2530 801 2603 impetita
823 2525 947 2605 (ipatius)
976 2527 1082 2607 paucis
1104 2527 1180 2588 locis
1203 2530 1348 2608 exceptis,

202 2655 278 2712 qnos
302 2633 468 2695 secundnm
491 2631 740 2694 consuetudinem
762 2633 988 2711 praeualentem
1011 2632 1142 2704 correxi;
1167 2639 1236 2692 ente
1256 2633 1267 2689 l
1285 2639 1316 2692 et
1334 2652 1350 2691 r

203 2759 271 2798 cum
293 2739 323 2796 Α1
348 2736 437 2798 modo
460 2736 709 2798 adsimilaticnem
730 2735 964 2814 praepositionis
990 2733 1113 2808 admisi,
1142 2733 1230 2795 medo
1254 2737 1284 2794 in
1305 2735 1349 2794 in-

203 2849 317 2902 tactum
339 2841 462 2919 reliqui,
497 2847 528 2901 et
552 2839 564 2898 i
593 2841 642 2900 bie
665 2859 786 2918 semper
811 2839 842 2898 in
865 2842 896 2899 tn
919 2838 1004 2898 solid.
1059 2837 1107 2898 De
1135 2839 1350 2917 praepositione

204 2963 257 3004 con
278 2944 404 3022 eiusque
426 2943 613 3024 compendiis
643 2943 675 3003 cd
697 2944 747 3004 uel
770 2947 786 3004 i
812 2944 939 3003 mutatis
966 2941 1118 3002 mutandis
1145 2941 1238 3018 idem,
1270 2943 1350 3019 quod

204 3049 242 3108 de
264 3051 296 3107 iu
317 3055 350 3107 et
365 3047 390 3122 i,
414 3046 576 3108 dicendum
597 3053 659 3120 est;
683 3047 714 3108 in
736 3049 842 3107 wnicio
864 3047 911 3106 uel
936 3047 1023 3105 ccicio
1045 3044 1254 3122 similibusque
1277 3047 1351 3106 scri·

204 3149 312 3210 bandis
341 3151 372 3208 ll¹
401 3157 525 3212 secutus
552 3171 635 3225 sum;
669 3155 796 3221 conecto,
833 3151 943 3209 conitor
972 3167 1092 3228 semper
1120 3148 1151 3205 ll¹
1180 3147 1281 3208 habet.
1312 3179 1354 3188 -

205 3253 394 3332 Praepositio
421 3271 471 3329 cs,
499 3255 551 3315 ubi
580 3275 648 3314 cum
676 3253 783 3314 uerbis
802 3255 840 3314 ab
862 3270 877 3311 s
899 3273 974 3330 puro
997 3251 1047 3311 nel
1068 3251 1185 3330 impuro
1208 3252 1354 3331 incipien-

206 3359 288 3418 tibus
311 3359 510 3436 componitur,
539 3358 717 3436 plerumque
738 3355 844 3432 efficit,
867 3363 901 3414 nt
923 3356 980 3415 hcc
1002 3374 1017 3414 a
1039 3355 1189 3415 abiciatur
1210 3351 1290 3430 (siue
1312 3355 1355 3414 ita

206 3462 306 3542 dicere
338 3461 441 3536 melis,
477 3460 558 3537 qnod
590 3461 723 3522 fomeese
751 3460 864 3520 rectius
893 3460 964 3534 erit,
998 3458 1251 3546 praepositionem
1285 3465 1355 3520 ante

207 3565 281 3626 haec
308 3565 418 3638 uerba,
450 3572 486 3624 ut
513 3563 664 3625 interdum
693 3585 730 3623 ex
760 3561 885 3639 antiqua
912 3561 1130 3628 consuetudine
1161 3571 1231 3624 ante
1261 3562 1356 3622 uerba

207 3669 244 3728 ab
267 3667 477 3746 sincipientia
504 3664 601 3742 (uelut
622 3669 729 3738 ecferre
749 3687 780 3746 p.
802 3668 831 3741 7,
857 3660 918 3740 10),
940 3665 971 3725 in
993 3685 1025 3725 cc
1048 3665 1172 3740 mutari,
1196 3663 1304 3724 deinde
1326 3683 1356 3723 cs

206 3773 236 3831 in
258 3791 278 3831 c
300 3767 467 3850 coniungi);
491 3769 546 3832 sed
567 3779 668 3832 tamen
690 3789 749 3836 non
772 3769 861 3828 modo
884 3770 983 3840 muto,
1007 3787 1141 3844 encqucr,
1165 3785 1270 3842 mpuc,
1293 3771 1356 3826 exto

207 3873 252 3950 (ut
285 3875 373 3936 etiam
408 3877 555 3949 eaqueus,
589 3868 682 3947 exors)
710 3872 879 3948 similiaque
901 3871 1089 3948 scribuntur,
1127 3891 1232 3932 uerum
1266 3871 1356 3930 etiam

207 3981 319 4050 erasm
353 3996 500 4054 exsequier,
534 3995 649 4053 caepae,
683 3981 760 4036 casto
787 3973 962 4051 (maequtiue,
996 3971 1119 4052 amors),
1153 3994 1245 4051 quare
1278 3973 1356 4033 hanc

208 4101 328 4159 qnoque
343 4100 451 4153 manns
468 4082 583 4162 primae
599 4080 831 4142 inconstantiam
850 4079 984 4139 imitatus
1002 4099 1082 4154 sum;
1106 4079 1226 4140 escendo
1239 4096 1357 4154 semper
1398 4069 1399 4074 ¹

207 4186 332 4266 scripsi,
363 4185 502 4262 quamuis
523 4183 678 4264 supersint
699 4182 845 4261 uestigia,
875 4181 985 4260 quibus
1009 4181 1108 4260 colligi
1132 4188 1235 4260 potest
1257 4180 1287 4237 ll*
1312 4180 1356 4239 in·

207 4289 327 4350 tardum
347 4289 468 4349 muido
491 4287 540 4348 uel
562 4289 697 4348 mecedo
720 4285 883 4365 scripsisse
905 4283 956 4359 (cf.
970 4306 999 4363 p.
1019 4286 1048 4358 3,
1070 4286 1123 4358 1e;
1150 4285 1198 4356 19,
1217 4285 1281 4344 bet
1294 4278 1355 4357 15),

207 4411 264 4452 nec
292 4392 460 4470 scripturae
488 4393 635 4452 maneat
662 4387 704 4469 (p.
730 4391 801 4466 145,
824 4385 879 4462 25)
914 4397 944 4448 et
973 4391 1129 4447 eumeni
1155 4383 1196 4465 (p.
1221 4387 1300 4462 403,
1324 4379 1357 4458 3)

82 4577 87 4590 ¹
209 4505 313 4575 aperte
340 4515 451 4576 prauus
486 4496 623 4556 toleraui.
658 4523 699 4536 -
733 4493 780 4554 De
814 4493 851 4554 ab
878 4493 935 4554 hoo
964 4499 1080 4551 tantum
1109 4488 1270 4550 dicendum
1298 4497 1355 4564 est,

208 4622 255 4661 me
278 4600 392 4662 formas
414 4621 433 4660 a
453 4619 544 4660 mauu
565 4598 663 4677 prima
689 4598 823 4673 oblatas,
853 4615 931 4673 quae
961 4603 1033 4655 sunt
1055 4595 1131 4668 aput
1152 4591 1193 4672 (p.
1218 4594 1268 4668 61,
1292 4587 1355 4666 21),

209 4705 319 4778 apicus
340 4701 383 4782 (p.
408 4705 478 4778 144,
505 4697 549 4778 l),
572 4703 707 4776 apsersu
728 4697 769 4780 (p.
794 4701 866 4776 300,
892 4695 958 4774 16),
982 4697 1118 4770 opstrubo
1140 4691 1181 4774 (p.
1200 4697 1272 4770 272,
1294 4694 1355 4768 17),
