3176 5248
378 383 419 426 lo
440 383 583 426 usnemu
605 383 645 424 ca
667 382 905 444 cousccarrors,
927 385 1025 426 x-xr
1220 359 1281 427 177

8 546 10 556 ’
123 547 243 634 tertie,
278 557 312 614 et
339 549 376 613 in
403 547 530 614 multos
559 547 694 614 dolores
720 547 860 614 humani
888 552 1035 636 pectoris
1063 551 1115 616 mis
1145 549 1281 636 dispen-

123 657 248 722 sanda.

214 766 280 832 XI.
333 767 427 844 Quae
460 765 583 831 deinde
611 766 678 830 ista
706 771 781 830 triae
814 764 1036 850 publicaeque
1070 765 1316 833 condicionisl

125 875 262 940 obliuio
287 875 362 941 ast?
405 875 559 940 Mortalis
583 880 663 940 nata
683 895 719 938 os
737 873 965 960 mortalesque
982 874 1159 960 peperisti;
1182 882 1283 962 putre

100 983 203 1070 lipsa
234 983 443 1069 fluidumque
471 1005 592 1070 corpus
622 991 656 1048 et
685 982 795 1048 causm
823 983 1013 1050 morborum
1036 983 1185 1069 repetita
1206 1007 1283 1072 spe·

124 1093 214 1157 resti
255 1099 326 1158 tam
356 1091 517 1158 inbecilla
549 1091 691 1159 materia
723 1089 833 1157 solida
865 1099 900 1157 et
933 1099 1072 1157 aeterna
1104 1095 1283 1178 gestasse?

125 1200 293 1267 Decessit
314 1200 403 1266 filius
425 1208 513 1286 tuus,
546 1200 666 1284 idest,
701 1199 893 1266 decucurrit
916 1198 1072 1266 adhunc
1094 1199 1206 1284 finem,
1240 1201 1319 1268 adu

127 1333 236 1394 quem
259 1313 345 1396 quae
367 1309 521 1376 feliciora
542 1316 643 1396 partu
664 1315 725 1374 tuo
748 1313 848 1394 putas
865 1314 1065 1394 properant:
1088 1307 1155 1376 hoc
1175 1311 1283 1376 omnis

126 1419 208 1504 ista,
244 1441 331 1505 quae
354 1417 486 1485 infore
509 1418 632 1506 litigat,
664 1417 702 1482 in
724 1415 867 1482 theatris
902 1417 1056 1502 (spectat),
1089 1416 1126 1483 in
1147 1419 1284 1506 templis

91 1555 114 1590 ιο
126 1535 304 1614 precatur,
327 1525 427 1591 turba
451 1525 577 1612 dispari
599 1525 709 1613 gradu
730 1525 840 1610 uadit;
865 1531 900 1590 et
922 1547 1008 1610 quae
1032 1523 1145 1612 diligis
1169 1527 1284 1612 [uane-

127 1636 230 1720 raris]
256 1643 290 1700 et
313 1657 400 1721 quae
424 1633 571 1722 despicis
594 1657 681 1700 unus
705 1633 908 1718 exaequabit
931 1634 1024 1699 cinis.
1069 1635 1146 1701 Hoc
1168 1636 1318 1703 uideres

129 1743 223 1810 trebel
251 1743 312 1809 illa
338 1742 491 1829 Pythicis
522 1743 667 1809 oraculis
696 1742 867 1828 adscripta
901 1744 1004 1824 (ccam
1038 1742 1185 1808 Nosco
1214 1744 1283 1812 ΤΕ.

129 1853 224 1931 Quid
256 1859 308 1919 est
335 1851 462 1920 homo?
496 1851 649 1938 quolibet
677 1872 803 1936 quassu
830 1872 890 1915 uas
919 1857 954 1916 et
982 1849 1137 1936 quolibet
1162 1850 1284 1938 fragile

129 1961 278 2028 iactatu:
313 1983 384 2027 nou
410 1967 615 2047 tempestate
643 1981 782 2046 magna,
815 1965 855 2024 ut
881 1957 1067 2046 dissiparis,
1102 1981 1187 2046 opus
1217 1969 1283 2046 est3

95 2097 117 2134 a
130 2070 341 2156 ubicumque
359 2069 567 2152 admoueris,
585 2067 735 2135 colueris.
770 2066 861 2144 Quid
879 2073 930 2132 est
946 2065 1071 2135 homo?
1088 2068 1285 2136 inbecillum

132 2201 258 2267 corpus
288 2187 323 2244 et
350 2175 482 2263 fragile,
515 2176 652 2262 nudum,
687 2181 808 2262 suapte
834 2182 956 2242 natura
981 2176 1120 2262 inerme,
1154 2177 1285 2244 alienae

132 2289 211 2375 opis
237 2286 407 2372 indigens,
442 2285 485 2351 ad
513 2285 621 2351 omnis
649 2282 806 2350 fortunae
835 2283 1057 2352 contumelias
1084 2286 1284 2372 proiectum,

132 2420 212 2464 cum
248 2397 338 2462 bene
376 2394 522 2460 lacertos
556 2393 707 2459 exercuit
755 2393 938 2458 cuimlibet
975 2391 1067 2478 ferae
1107 2394 1284 2481 pabulum,

133 2505 318 2572 cuiuslibet
356 2501 510 2586 uictima,
555 2524 596 2568 ex
636 2500 774 2568 infirmis
808 2500 987 2588 fluidisque
1021 2510 1217 2569 contextum
1252 2510 1286 2568 et

97 2613 351 2682 alineomentis
385 2609 610 2677 exterioribus
632 2610 786 2693 nitidum,
819 2608 967 2698 frigoris,
1002 2617 1126 2697 aestus,
1158 2611 1285 2678 laboris

137 2790 151 2842 1
170 2795 201 2844 et
217 2787 249 2842 in
265 2785 375 2840 multos
393 2781 508 2837 dolores
526 2777 545 2838 F
564 2781 656 2837 etalii
675 2779 705 2850 D,
723 2782 797 2850 quod
813 2782 999 2838 commendaui
1017 2781 1095 2849 Smd·
1114 2782 1172 2837 on't.
1185 2798 1216 2851 p.
1235 2783 1286 2838 107

135 2889 188 2944 ομ
215 2880 246 2928 et
267 2871 407 2926 inmultcs
430 2874 460 2923 at
481 2867 627 2923 indolores
646 2866 680 2932 Α;
709 2873 741 2922 et
757 2867 789 2922 in
805 2873 902 2922 metus
920 2875 950 2923 et
967 2867 998 2922 in
1016 2867 1130 2924 dolores
1149 2869 1202 2923 duo
1221 2865 1241 2924 l)
1260 2876 1287 2923 et

135 2977 190 3030 cp„
217 2959 289 3028 qaod
310 2953 509 3012 coemendam
524 2953 653 3022 Medum.
755 2952 884 3022 pectoris
907 2953 954 3008 uis
973 2953 1104 3024 Macrim
1130 2959 1233 3025 pactus
1251 2953 1286 3021 ll;

135 3043 264 3116 pectoris
291 3039 311 3099 Ρ
413 3040 431 3094 3
456 3045 525 3095 tuae
550 3055 595 3108 up.
621 3038 685 3092 r'rrde
711 3039 746 3093 cb
772 3037 899 3108 Ermmc,
925 3041 989 3094 item
1012 3037 1031 3096 F
1036 3059 1042 3106 ;
1069 3059 1120 3111 aua
1145 3039 1166 3097 l

136 3129 263 3202 publicae
279 3143 354 3196 eque
372 3127 422 3192 t¹;
448 3125 566 3196 publica
584 3140 657 3194 equo
676 3122 710 3180 l¹
731 3130 763 3178 ut
778 3125 835 3179 uid.
921 3124 938 3179 4
961 3125 1100 3181 mortales
1118 3143 1174 3194 que
1191 3124 1287 3192 (eroso

137 3217 187 3272 rub
204 3217 302 3272 ultimo
319 3230 334 3269 e
353 3212 472 3278 circata,
490 3226 557 3265 mom
572 3210 667 3276 fueret
685 3207 753 3280 qus)
768 3204 821 3278 lm
839 3211 977 3266 mortales
989 3228 1032 3281 up.
1085 3211 1102 3264 5
1119 3211 1286 3265 morborum

137 3301 264 3373 repetita
281 3299 381 3367 scripsi
399 3295 477 3352 ΒΜ.
491 3296 551 3352 crit.
566 3311 595 3364 p.
606 3294 657 3350 ios
675 3293 813 3364 (repetita
829 3297 995 3351 morborum
1012 3312 1085 3351 urm
1102 3293 1150 3365 D);
1168 3296 1285 3350 morbos

137 3387 278 3458 repetitas
291 3381 326 3450 l;
344 3384 377 3437 rie
393 3383 443 3437 mc
458 3397 555 3451 perere
571 3395 693 3434 errorum
710 3382 740 3434 m
750 3381 882 3436 Eocmrm
899 3382 1053 3451 disputabo.
1106 3383 1123 3436 6
1149 3381 1286 3438 inbecillfl

137 3472 261 3530 matoria
278 3469 324 3536 ΑΙ,
343 3468 392 3524 sed
409 3467 510 3523 lineola
524 3472 622 3536 poetro
640 3481 723 3520 cresc
741 3473 792 3532 cem
818 3466 956 3523 inbecilli
973 3467 1098 3524 materis
1115 3465 1134 3524 F
1152 3475 1178 3523 rt
1195 3464 1285 3524 oliiD

239 3555 335 3613 solido
352 3553 388 3611 A⁵
493 3558 623 3622 gestasse
640 3550 676 3608 Α6
780 3551 871 3607 Shoc
888 3553 919 3620 (i.
939 3572 959 3609 e.
978 3553 1048 3621 huc;
1075 3554 1126 3620 cfr.
1145 3567 1232 3622 supra
1250 3553 1287 3607 cd

135 3665 163 3716 p.
181 3648 241 3712 141,
260 3641 292 3709 2)
310 3637 351 3698 AF
368 3646 394 3695 et
410 3639 463 3694 olii
480 3636 514 3706 ὓς
532 3637 590 3691 huo
608 3653 651 3706 uo.
738 3637 755 3691 9
773 3643 888 3706 spectet
906 3639 1003 3694 coemi
1022 3637 1099 3694 Smd.
1119 3639 1177 3694 orit.
1194 3655 1222 3706 p.
1242 3639 1285 3693 43.

138 3731 264 3800 (desidet
290 3727 437 3782 addiderat
462 3723 610 3789 Erasmus,
636 3721 750 3792 plaudit
776 3723 908 3794 Modum)
1022 3726 1053 3778 10
1079 3723 1230 3780 conareris
1255 3731 1288 3778 ret

137 3817 406 3886 interpretamentum
423 3811 474 3864 del.
494 3807 613 3864 Fickert.
718 3809 749 3862 ll
775 3808 877 3865 uidere
900 3810 983 3866 iubet
1008 3811 1122 3878 scribam
1148 3808 1287 3864 uidelicet

138 3905 173 3972 Α;
201 3903 284 3958 iubet
300 3916 344 3968 up.
363 3897 426 3950 iude
443 3897 478 3951 ab
498 3895 625 3960 mamm,
652 3895 724 3962 quod
740 3896 781 3950 sic
798 3897 859 3951 aime
873 3895 1015 3960 infinibuo
1031 3897 1151 3964 porimm
1169 3911 1224 3950 mon
1242 3897 1284 3949 in·

138 3993 238 4061 tempo,
345 3983 377 4037 12
403 3999 461 4036 uox
487 3981 550 4035 cdd.
577 3979 721 4034 Ercsmres.
825 3980 907 4036 nosci
935 3987 965 4037 te
992 3980 1020 4047 l,
1047 3997 1116 4036 corr.
1140 3995 1184 4049 up.

139 4079 172 4136 13
197 4073 328 4146 quolibet
354 4083 462 4138 quassu
489 4065 621 4135 mmmm
648 4065 769 4136 qdllibet
796 4085 959 4137 quas„sum
985 4065 1063 4123 A¹-’
1169 4071 1218 4133 efft
1235 4065 1286 4134 ll⁵3

139 4173 184 4222 est
200 4162 235 4221 Αἱ
257 4165 289 4215 m
305 4154 362 4210 oid
458 4154 491 4207 14
508 4167 581 4221 opus
599 4158 646 4207 est
663 4151 684 4208 l
703 4153 794 4220 (mmm
812 4153 892 4208 Koch
910 4151 1014 4208 Hmrsii
1031 4151 1214 4207 coniecturam
1230 4166 1288 4205 esre

136 4247 243 4322 putam
270 4249 313 4299 ast
338 4255 411 4309 opus
433 4255 477 4308 up.
502 4238 597 4306 (eciem
613 4237 712 4304 Keos),
740 4240 812 4306 qood
830 4237 942 4294 Fickert
959 4245 985 4294 et
1000 4237 1098 4343 chse
1115 4252 1206 4292 errore
1223 4237 1286 4292 reli·

139 4390 260 4460 qwant
315 4379 347 4432 15
364 4376 450 4431 homo
469 4389 557 4444 mpro
572 4389 682 4430 emerem
699 4376 764 4430 odd.
779 4374 812 4432 Α1
835 4383 885 4430 cut
901 4375 937 4433 A·
992 4375 1024 4430 16
1042 4359 1173 4458 adregile
1204 4373 1286 4441 (corr.

137 4493 203 4561 fort.
221 4504 256 4542 m.
275 4482 343 4550 1)Α
430 4474 974 4548 181ecertosFretreo.;laceratosA
1060 4477 1092 4531 19
1111 4494 1147 4532 ax
1165 4473 1287 4530 infirmis

138 4581 215 4640 ,m
241 4563 410 4627 extirmisd
512 4565 546 4617 20
572 4561 691 4632 frigoris
709 4566 785 4633 item3
811 4562 938 4632 fragoris
957 4561 985 4628 l,
1008 4569 1073 4631 poet
1090 4563 1161 4630 quod
1177 4563 1288 4616 emtum

138 4663 174 4721 Α·
194 4679 216 4718 0,
235 4679 261 4718 u,
279 4661 340 4717 aad.
359 4653 382 4716 7,
409 4649 480 4718 qood
497 4649 546 4702 mc
563 4649 622 4703 loco
638 4649 697 4702 sine
713 4651 797 4704 dubio
813 4648 1024 4718 imerpcmmdr
1041 4651 1150 4718 ssorum
1167 4655 1214 4716 eat,
1231 4663 1288 4703 moa

138 4734 332 4802 steterumt.

1051 4804 1083 4858 12
