3182 5252
355 403 395 443 an
419 403 577 444 ravuruvm
601 404 641 443 nn
664 403 836 444 esurirem
857 406 960 458 wana,
984 407 1113 447 vi-vrr.
1243 381 1307 444 315

164 566 357 634 discendum
392 575 444 632 est
476 567 570 632 mori.
626 567 692 632 Tot
724 569 860 634 maximi
893 571 956 634 uiri
989 570 1114 636 relictis
1151 569 1306 636 omnibus

164 677 418 764 impedimentis,
452 698 529 742 cnm
562 675 689 742 diuitiis
719 676 839 744 officiis
862 679 1095 766 uoluptatibus
1116 680 1306 744 renuntias-

162 801 244 871 sent,
278 785 344 852 hoc
374 807 479 851 unum
505 785 541 850 in
570 792 754 852 extremam
782 809 890 873 usque
914 795 1060 855 aetatem
1083 793 1234 876 egenmt,
1269 797 1307 854 ut

162 898 274 962 uiuere
297 896 438 976 scirent;
467 895 582 980 plures
604 900 719 960 tamen
743 919 783 961 ex
805 895 859 962 his
881 896 1033 963 nondum
1055 919 1091 962 se
1116 897 1201 962 scire
1225 919 1305 962 con-

129 1003 234 1074 afessi
266 1005 340 1070 uita
370 1003 542 1088 abierunt,
576 1003 703 1068 nedum
732 1017 769 1069 ut
799 1005 854 1070 isti
883 1005 1000 1071 sciant.
1056 1005 1187 1092 Magni,
1223 1004 1340 1070 mihib

158 1114 266 1197 crede,
302 1119 337 1178 et
365 1135 467 1199 supra
495 1111 662 1180 humanos
693 1135 823 1178 errores
853 1114 1031 1179 eminentis
1060 1113 1124 1180 uiri
1149 1113 1306 1179 estnihil

157 1245 195 1286 ax
224 1244 286 1287 suo
315 1229 468 1309 tempore
499 1221 641 1288 delibari
672 1223 791 1304 sinere,
827 1229 860 1286 et
888 1221 966 1290 ideo
991 1223 1062 1288 eius
1085 1222 1156 1288 uita
1176 1223 1304 1310 longis·

157 1331 239 1396 sima
262 1338 322 1411 est,
347 1331 435 1416 quia,
460 1337 770 1417 quantumcumque
793 1331 911 1417 patuit,
935 1339 1042 1397 totum
1067 1332 1131 1418 ipsi
1155 1332 1305 1398 uacauit:

156 1439 237 1505 nihil
266 1439 345 1505 inde
375 1439 541 1505 incultum
564 1441 778 1526 otiosumque
801 1440 917 1520 iacuit,
951 1439 1034 1504 nihil
1057 1439 1119 1505 sub
1145 1439 1208 1506 alio
1232 1437 1305 1520 fnit,

114 1583 142 1618 ιο
155 1570 266 1635 neque
291 1548 379 1613 enim
402 1548 584 1634 quicquam
606 1549 756 1636 repperit
774 1548 923 1635 dignum,
947 1547 1135 1633 quodcum
1152 1553 1306 1636 tempore

155 1680 215 1724 suo
244 1661 454 1743 permutaret
482 1664 598 1724 custos
628 1659 700 1723 eius
719 1657 962 1744 ⁴parcissimum
1002 1655 1119 1741 itaque
1147 1657 1229 1722 satis
1258 1657 1306 1722 illi

154 1764 227 1850 fuit,
250 1766 290 1830 iis
314 1786 395 1830 uero
417 1787 559 1831 necesse
583 1773 634 1832 ast
657 1765 817 1851 defixisse,
841 1789 881 1830 ex
905 1786 1048 1850 quorum
1071 1763 1142 1830 uita
1163 1764 1307 1830 multum

153 1873 299 1962 populus
321 1873 408 1940 tulit.
453 1874 525 1940 Nec
549 1881 609 1956 est,
633 1875 725 1960 quod
747 1881 847 1962 putes
870 1897 934 1940 aon
956 1873 1032 1939 illos
1053 1873 1233 1958 aliqnando
1256 1875 1306 1939 in·
1324 1879 1341 1934 6

154 1971 316 2070 tellegei‘e
354 1981 515 2050 damnum
549 2005 662 2050 suum:
698 1984 878 2070 plerosque
907 1989 999 2049 certe
1030 1982 1146 2047 audies
1176 2005 1216 2047 ex
1246 1982 1306 2064 tis,

114 2126 140 2162 rs
155 2115 239 2179 quoe
272 2114 397 2178 magua
429 2089 573 2158 felicitae
603 2101 739 2178 grenat,
773 2093 863 2158 inter
890 2091 1064 2156 clientium
1091 2113 1214 2176 greges
1242 2097 1300 2156 aut

153 2223 331 2268 causarum
354 2200 503 2266 actiones
527 2207 585 2266 aut
608 2206 738 2266 ceteras
760 2198 921 2266 honestas
938 2199 1090 2266 miserias
1111 2198 1298 2264 exclamare

153 2309 336 2376 interdum:
373 2310 508 2392 ,uiuere
543 2307 626 2374 mihi
658 2331 728 2374 non
756 2309 865 2374 licet.“
923 2307 1048 2386 Quidni
1077 2330 1148 2373 non
1174 2307 1333 2374 liceatil

153 2441 271 2485 omnes
293 2417 351 2500 illi,
386 2417 443 2503 qui
465 2424 500 2482 te
523 2417 586 2482 sibi
610 2417 789 2502 aduncant,
822 2417 885 2482 tibi
907 2416 1089 2482 abducunt.
1133 2417 1197 2482 Ille
1221 2439 1297 2482 reus

153 2533 238 2614 quot
264 2527 337 2592 dies
366 2523 528 2592 abstulit?
564 2533 647 2611 quot
675 2527 730 2592 ille
759 2525 984 2592 candidatus?
1018 2531 1101 2610 quot
1129 2525 1186 2591 illa
1215 2548 1298 2592 anus

113 2669 139 2704 ιο
154 2635 335 2704 efferendis
362 2633 546 2701 heredibus
574 2634 686 2702 lassa?
720 2641 804 2721 quot
825 2635 881 2701 ille
905 2635 949 2700 ad
970 2635 1167 2700 irritandam
1190 2636 1298 2702 auari-

151 2746 234 2812 tn'am
257 2743 468 2831 captantium
491 2741 666 2810 simulatus
690 2744 814 2826 aeger?
843 2751 923 2829 quot
944 2743 1001 2809 ille
1024 2744 1195 2830 potentior
1217 2743 1298 2808 arni-

152 2875 223 2936 cus,
246 2853 304 2940 qni
326 2875 387 2918 uos
408 2874 479 2918 non
501 2852 536 2917 in
560 2851 709 2918 amititia
731 2850 793 2916 sed
815 2852 1033 2939 inapparatu
1053 2851 1178 2917 habet?
1223 2851 1300 2916 Dis-

207 3011 298 3019 .--.-...,
310 3011 351 3018 -o

150 3079 169 3130 4
183 3074 310 3131 confessi
323 3075 386 3130 uita
400 3071 826 3130 thimiamaterium
840 3073 977 3140 (confessi
987 3093 1002 3130 e
1013 3074 1076 3130 uita
1085 3074 1222 3130 abierunt
1228 3073 1302 3140 ⁸9.);

152 3161 280 3217 confessi
298 3161 369 3216 uita.
388 3159 509 3216 abierit
562 3160 577 3213 7
596 3159 719 3215 delibari
737 3159 831 3216 sinere
850 3177 929 3216 nona.
945 3157 966 3216 D
986 3167 1012 3215 et
1027 3178 1070 3229 up.
1089 3160 1153 3214 inde
1171 3177 1188 3212 α
1208 3159 1303 3226 Lipaic

151 3247 321 3316 etGruterQ
340 3245 527 3303 delibarieina
546 3263 577 3300 re
596 3246 616 3301 Α
635 3246 695 3311 (aad
712 3247 823 3301 uidem
839 3246 920 3301 initio
938 3249 971 3300 ra
987 3246 1089 3313 samaa·
1107 3243 1186 3301 Koch
1204 3243 1307 3312 ονναι),Ι

153 3333 277 3390 delibari
295 3334 326 3388 ia
342 3349 395 3402 my.
412 3331 528 3386 ιἰινααίι
545 3330 578 3388 A*
646 3331 663 3385 9
681 3329 864 3402 otiosumque
883 3332 974 3388 iacuit
991 3349 1035 3401 ay.
1053 3332 1117 3387 inde
1134 3331 1170 3386 ut
1188 3331 1307 3386 Erasmc

152 3417 257 3487 (iacuit
285 3435 340 3472 non
366 3419 474 3472 inuenit
492 3415 638 3484 Grutem,
667 3423 698 3470 ut
715 3417 792 3472 Koch
811 3417 933 3474 maara
954 3425 1047 3474 actam
1070 3434 1126 3472 non
1149 3416 1307 3484 inunctam

152 3511 266 3572 nanc,
294 3503 375 3558 immo
394 3501 530 3557 &rutena
547 3503 596 3557 hoc
613 3503 725 3556 aerbraa
742 3503 918 3558 mittendam
935 3505 1068 3572 censebat,
1087 3503 1135 3558 aad
1152 3501 1231 3557 Koch
1248 3502 1307 3556 eiua

153 3589 423 3654 Animaduertimus,
446 3596 476 3643 ut
493 3589 561 3652 dixi,
585 3604 732 3656 numquam
748 3588 895 3657 tarpeaim
922 3591 1037 3658 ctiam,-
1064 3587 1180 3644 uacauit
1201 3587 1246 3653 l⁵;
1275 3604 1308 3642 ea

154 3674 185 3731 Αι
210 3675 350 3742 scriptura
375 3673 560 3742 dispiciantur
584 3674 691 3729 litterae
715 3674 790 3729 otios
802 3717 927 3730 ........
938 3675 1000 3730 anit
1105 3676 1137 3730 12
1163 3673 1199 3730 iie
1217 3672 1307 3738 Koch,

155 3759 186 3814 is‘
198 3759 229 3818 Α1
247 3761 331 3816 initio
349 3776 453 3824 aecus,
472 3761 520 3814 scd
537 3767 602 3814 ante
619 3760 671 3814 tae
690 3760 797 3816 litterae
815 3759 835 3814 h
853 3761 916 3816 add.
936 3759 976 3824 ll,
995 3761 1066 3816 unde
1083 3779 1127 3830 ap.
1145 3760 1191 3816 his
1209 3759 1306 3814 editur.

259 3845 291 3900 13
317 3863 376 3902 non
395 3846 527 3915 Medeam
555 3845 623 3900 hinc
641 3844 663 3902 l
680 3846 750 3901 aare
769 3863 859 3900 errore
876 3845 957 3912 (hinc
975 3846 1041 3901 illos
1059 3864 1118 3902 non
1136 3845 1307 3914 intellegere

154 3949 197 4002 up.
217 3933 281 3987 inde
298 3949 317 3986 α
335 3933 452 3998 Mareia,
471 3933 572 3986 omaso
590 3931 759 4002 aliquando;
778 3935 933 4000 asperiores
951 3931 1033 3986 etium
1051 3949 1110 3988 non
1129 3929 1307 3996 omittebant).

155 4020 201 4072 Aa
218 4017 275 4072 hcc
293 4023 312 4074 fi
329 4019 360 4072 in
378 4025 506 4086 corrupto
524 4017 572 4074 illc
591 4017 660 4072 hinc
678 4018 761 4073 latere
775 4015 928 4085 putamus?
1022 4019 1064 4076 ,14
1082 4035 1118 4072 ex
1136 4015 1173 4072 iis
1196 4015 1307 4070 Wesen-

155 4157 231 4225 terffi
259 4103 321 4212 axla
339 4153 359 4212 l
379 4155 421 4220 (ut
438 4147 501 4224 apl,
520 4155 568 4209 ced
585 4155 604 4208 h
623 4154 734 4214 addidit
749 4171 821 4208 maa.
840 4169 937 4209 recens.
1045 4155 1080 4208 29
1106 4150 1307 4219 irritanffdal

621 4251 634 4278 Ι

155 4295 187 4362 (n
205 4293 327 4347 radendo
345 4309 412 4348 cerr.
431 4309 465 4346 ex
483 4293 524 4358 m)
632 4290 741 4348 ueriti!
758 4291 779 4348 Α
798 4293 828 4358 (a
845 4307 932 4360 capra
949 4307 1059 4345 meam
1076 4289 1221 4344 addiderat
1238 4305 1272 4340 m.
1292 4293 1307 4342 1

156 4385 207 4433 cat
223 4380 251 4444 2,
267 4385 364 4447 postea
380 4379 529 4434 renouauit
545 4395 578 4430 m.
593 4379 622 4442 5)
675 4379 708 4432 21
727 4377 885 4447 captantia
904 4376 929 4432 .i.
949 4375 1139 4445 heredipetau
1157 4374 1189 4427 in
1205 4389 1255 4444 mu.
1276 4372 1308 4428 l³

260 4469 331 4534 quot
347 4481 406 4532 apa
434 4461 530 4535 quot
632 4465 667 4518 22
692 4463 723 4518 in
746 4462 876 4518 amicitia
900 4461 999 4518 sedin
1017 4465 1161 4531 apparatu
1178 4476 1237 4528 up,
1265 4458 1306 4512 in·

155 4549 288 4606 amicitia
305 4549 357 4605 sed
374 4549 549 4621 inapparatu
568 4551 589 4605 Α
607 4553 693 4612 (errat
710 4548 815 4614 Kact);
841 4548 872 4604 in
890 4547 1049 4604 amicitiam
1067 4545 1166 4601 sedin
1185 4560 1306 4615 appara·
1485 4595 1491 4606 ,

156 4643 219 4690 tam
237 4649 320 4689 nona
339 4632 369 4698 l),
387 4637 459 4705 qaod
475 4635 610 4691 immerito
626 4636 780 4702 proterunt
798 4635 942 4700 Omana,
964 4633 1064 4696 Haase,
1082 4629 1168 4686 Koch.
1248 4629 1306 4686 die·
1392 4627 1393 4632 '

155 4737 255 4792 punge
271 4721 304 4776 ia
320 4737 371 4790 my.
389 4721 502 4777 imaue
519 4721 552 4778 ll
