<?xml version="1.0" encoding="UTF-8"?>
<!DOCTYPE html PUBLIC "-//W3C//DTD XHTML 1.0 Transitional//EN"
    "http://www.w3.org/TR/xhtml1/DTD/xhtml1-transitional.dtd">
<html xmlns="http://www.w3.org/1999/xhtml" xml:lang="en" lang="en">
 <head>
  <title>
</title>
<meta http-equiv="Content-Type" content="text/html;charset=utf-8" />
  <meta name='ocr-system' content='tesseract 3.04.00' />
  <meta name='ocr-capabilities' content='ocr_page ocr_carea ocr_par ocr_line ocrx_word'/>
</head>
<body>
  <div class='ocr_page' id='page_1' title='image "./lannaeisenecaed00senegoog/lannaeisenecaed00senegoog_0346.png"; bbox 0 0 3182 5252; ppageno 0'>
   <div class='ocr_carea' id='block_1_1' title="bbox 302 395 1324 482">
    <p class='ocr_par' dir='ltr' id='par_1_1' title="bbox 302 395 1324 482">
     <span class='ocr_line' id='line_1_1' title="bbox 302 395 1324 482; baseline -0.005 -18"><span class='ocrx_word' id='word_1_1' title='bbox 302 421 344 464; x_wconf 73' lang='lat' dir='ltr'><strong>nn</strong></span> <span class='ocrx_word' id='word_1_2' title='bbox 366 421 511 464; x_wconf 74' lang='lat' dir='ltr'><strong>sanantur</strong></span> <span class='ocrx_word' id='word_1_3' title='bbox 532 423 573 463; x_wconf 83' lang='lat' dir='ltr'><strong>na</strong></span> <span class='ocrx_word' id='word_1_4' title='bbox 595 421 864 472; x_wconf 75' lang='lat' dir='ltr'><strong>raeuovmmrnru</strong></span> <span class='ocrx_word' id='word_1_5' title='bbox 886 421 989 482; x_wconf 77' lang='lat' dir='ltr'><strong>eum,</strong></span> <span class='ocrx_word' id='word_1_6' title='bbox 1012 421 1188 462; x_wconf 86' lang='lat' dir='ltr'><strong>xv1—xvn.</strong></span> <span class='ocrx_word' id='word_1_7' title='bbox 1262 395 1324 460; x_wconf 83' lang='lat'><strong>301</strong></span> 
     </span>
    </p>
   </div>
   <div class='ocr_carea' id='block_1_2' title="bbox 128 579 1417 3490">
    <p class='ocr_par' dir='ltr' id='par_1_2' title="bbox 164 579 1361 999">
     <span class='ocr_line' id='line_1_2' title="bbox 256 579 1361 656; baseline -0.002 -4"><span class='ocrx_word' id='word_1_8' title='bbox 256 586 372 652; x_wconf 86' lang='lat' dir='ltr'><strong>XVII.</strong></span> <span class='ocrx_word' id='word_1_9' title='bbox 417 586 482 651; x_wconf 83' lang='lat' dir='ltr'><strong>Est</strong></span> <span class='ocrx_word' id='word_1_10' title='bbox 511 595 546 651; x_wconf 90' lang='lat' dir='ltr'><strong>et</strong></span> <span class='ocrx_word' id='word_1_11' title='bbox 573 585 633 652; x_wconf 87' lang='lat' dir='ltr'><strong>illa</strong></span> <span class='ocrx_word' id='word_1_12' title='bbox 660 585 925 652; x_wconf 69' lang='lat' dir='ltr'><strong>sollicitudinum</strong></span> <span class='ocrx_word' id='word_1_13' title='bbox 954 579 1024 652; x_wconf 89' lang='lat' dir='ltr'><strong>non</strong></span> <span class='ocrx_word' id='word_1_14' title='bbox 1052 584 1233 650; x_wconf 89' lang='lat' dir='ltr'><strong>mediocris</strong></span> <span class='ocrx_word' id='word_1_15' title='bbox 1256 603 1361 656; x_wconf 70' lang='lat' dir='ltr'><strong>mir-1</strong></span> 
     </span>
     <span class='ocr_line' id='line_1_3' title="bbox 164 692 1326 781; baseline -0.002 -21"><span class='ocrx_word' id='word_1_16' title='bbox 164 695 266 780; x_wconf 87' lang='lat' dir='ltr'><strong>teria,</strong></span> <span class='ocrx_word' id='word_1_17' title='bbox 299 695 328 760; x_wconf 89' lang='lat' dir='ltr'><strong>si</strong></span> <span class='ocrx_word' id='word_1_18' title='bbox 357 701 392 759; x_wconf 89' lang='lat' dir='ltr'><strong>te</strong></span> <span class='ocrx_word' id='word_1_19' title='bbox 415 693 513 760; x_wconf 84' lang='lat' dir='ltr'><strong>anxie</strong></span> <span class='ocrx_word' id='word_1_20' title='bbox 537 714 722 780; x_wconf 89' lang='lat' dir='ltr'><strong>componas</strong></span> <span class='ocrx_word' id='word_1_21' title='bbox 743 717 809 760; x_wconf 92' lang='lat' dir='ltr'><strong>nec</strong></span> <span class='ocrx_word' id='word_1_22' title='bbox 831 694 909 760; x_wconf 89' lang='lat' dir='ltr'><strong>ullis</strong></span> <span class='ocrx_word' id='word_1_23' title='bbox 933 693 1133 781; x_wconf 89' lang='lat' dir='ltr'><strong>simpliciter</strong></span> <span class='ocrx_word' id='word_1_24' title='bbox 1155 692 1326 776; x_wconf 87' lang='lat' dir='ltr'><strong>ostendas,</strong></span> 
     </span>
     <span class='ocr_line' id='line_1_4' title="bbox 166 800 1326 890; baseline -0.005 -20"><span class='ocrx_word' id='word_1_25' title='bbox 166 804 281 890; x_wconf 80' lang='lat' dir='ltr'><strong>qualis</strong></span> <span class='ocrx_word' id='word_1_26' title='bbox 311 803 496 870; x_wconf 87' lang='lat' dir='ltr'><strong>multorum</strong></span> <span class='ocrx_word' id='word_1_27' title='bbox 526 802 682 886; x_wconf 70' lang='lat' dir='ltr'><strong>uitiiset,</strong></span> <span class='ocrx_word' id='word_1_28' title='bbox 717 800 807 887; x_wconf 85' lang='lat' dir='ltr'><strong>ficta,</strong></span> <span class='ocrx_word' id='word_1_29' title='bbox 841 803 1065 870; x_wconf 71' lang='lat' dir='ltr'><strong>ostentationi</strong></span> <span class='ocrx_word' id='word_1_30' title='bbox 1086 807 1221 888; x_wconf 87' lang='lat' dir='ltr'><strong>parata;</strong></span> <span class='ocrx_word' id='word_1_31' title='bbox 1256 807 1326 866; x_wconf 90' lang='lat' dir='ltr'><strong>tor-</strong></span> 
     </span>
     <span class='ocr_line' id='line_1_5' title="bbox 166 909 1327 999; baseline -0.003 -21"><span class='ocrx_word' id='word_1_32' title='bbox 166 920 256 998; x_wconf 90' lang='lat' dir='ltr'><strong>quet</strong></span> <span class='ocrx_word' id='word_1_33' title='bbox 289 912 379 977; x_wconf 92' lang='lat' dir='ltr'><strong>enim</strong></span> <span class='ocrx_word' id='word_1_34' title='bbox 412 911 556 978; x_wconf 86' lang='lat' dir='ltr'><strong>adsidua</strong></span> <span class='ocrx_word' id='word_1_35' title='bbox 588 910 783 976; x_wconf 79' lang='lat' dir='ltr'><strong>obscuratio</strong></span> <span class='ocrx_word' id='word_1_36' title='bbox 818 912 870 977; x_wconf 88' lang='lat' dir='ltr'><strong>sui</strong></span> <span class='ocrx_word' id='word_1_37' title='bbox 899 919 935 978; x_wconf 89' lang='lat' dir='ltr'><strong>et</strong></span> <span class='ocrx_word' id='word_1_38' title='bbox 964 910 1131 999; x_wconf 78' lang='lat' dir='ltr'><strong>deprendi</strong></span> <span class='ocrx_word' id='word_1_39' title='bbox 1159 909 1259 976; x_wconf 90' lang='lat' dir='ltr'><strong>aliter</strong></span> <span class='ocrx_word' id='word_1_40' title='bbox 1288 930 1327 974; x_wconf 88' lang='lat' dir='ltr'><strong>ac</strong></span> 
     </span>
    </p>

    <p class='ocr_par' dir='ltr' id='par_1_3' title="bbox 128 1018 1417 3490">
     <span class='ocr_line' id='line_1_6' title="bbox 139 1018 1326 1106; baseline -0.004 -20"><span class='ocrx_word' id='word_1_41' title='bbox 139 1021 261 1086; x_wconf 77' lang='lat' dir='ltr'><strong>esolet</strong></span> <span class='ocrx_word' id='word_1_42' title='bbox 282 1020 412 1086; x_wconf 87' lang='lat' dir='ltr'><strong>metuit.</strong></span> <span class='ocrx_word' id='word_1_43' title='bbox 457 1019 530 1084; x_wconf 87' lang='lat' dir='ltr'><strong>Nee</strong></span> <span class='ocrx_word' id='word_1_44' title='bbox 552 1041 714 1106; x_wconf 88' lang='lat' dir='ltr'><strong>umquam</strong></span> <span class='ocrx_word' id='word_1_45' title='bbox 736 1041 818 1085; x_wconf 90' lang='lat' dir='ltr'><strong>cura</strong></span> <span class='ocrx_word' id='word_1_46' title='bbox 841 1020 1013 1104; x_wconf 79' lang='lat' dir='ltr'><strong>soluimm,</strong></span> <span class='ocrx_word' id='word_1_47' title='bbox 1036 1020 1096 1085; x_wconf 92' lang='lat' dir='ltr'><strong>ubi</strong></span> <span class='ocrx_word' id='word_1_48' title='bbox 1117 1018 1245 1084; x_wconf 89' lang='lat' dir='ltr'><strong>totiens</strong></span> <span class='ocrx_word' id='word_1_49' title='bbox 1263 1039 1326 1082; x_wconf 91' lang='lat' dir='ltr'><strong>nos</strong></span> 
     </span>
     <span class='ocr_line' id='line_1_7' title="bbox 167 1126 1326 1216; baseline -0.003 -21"><span class='ocrx_word' id='word_1_50' title='bbox 167 1129 344 1195; x_wconf 87' lang='lat' dir='ltr'><strong>aestimari</strong></span> <span class='ocrx_word' id='word_1_51' title='bbox 365 1135 522 1216; x_wconf 88' lang='lat' dir='ltr'><strong>putamus</strong></span> <span class='ocrx_word' id='word_1_52' title='bbox 547 1128 703 1213; x_wconf 83' lang='lat' dir='ltr'><strong>quotiens</strong></span> <span class='ocrx_word' id='word_1_53' title='bbox 727 1129 847 1215; x_wconf 86' lang='lat' dir='ltr'><strong>aspiei;</strong></span> <span class='ocrx_word' id='word_1_54' title='bbox 872 1151 951 1194; x_wconf 88' lang='lat' dir='ltr'><strong>nam</strong></span> <span class='ocrx_word' id='word_1_55' title='bbox 975 1137 1011 1195; x_wconf 90' lang='lat' dir='ltr'><strong>et</strong></span> <span class='ocrx_word' id='word_1_56' title='bbox 1035 1129 1143 1194; x_wconf 88' lang='lat' dir='ltr'><strong>multa</strong></span> <span class='ocrx_word' id='word_1_57' title='bbox 1159 1126 1326 1209; x_wconf 86' lang='lat' dir='ltr'><strong>incidunt,</strong></span> 
     </span>
     <span class='ocr_line' id='line_1_8' title="bbox 167 1234 1326 1324; baseline -0.003 -21"><span class='ocrx_word' id='word_1_58' title='bbox 167 1261 260 1324; x_wconf 90' lang='lat' dir='ltr'><strong>quae</strong></span> <span class='ocrx_word' id='word_1_59' title='bbox 289 1237 415 1303; x_wconf 88' lang='lat' dir='ltr'><strong>inuitos</strong></span> <span class='ocrx_word' id='word_1_60' title='bbox 446 1237 631 1321; x_wconf 89' lang='lat' dir='ltr'><strong>denudent,</strong></span> <span class='ocrx_word' id='word_1_61' title='bbox 666 1243 710 1322; x_wconf 90' lang='lat' dir='ltr'><strong>et,</strong></span> <span class='ocrx_word' id='word_1_62' title='bbox 743 1243 783 1302; x_wconf 88' lang='lat' dir='ltr'><strong>ut</strong></span> <span class='ocrx_word' id='word_1_63' title='bbox 811 1237 901 1302; x_wconf 92' lang='lat' dir='ltr'><strong>bene</strong></span> <span class='ocrx_word' id='word_1_64' title='bbox 933 1235 1033 1303; x_wconf 84' lang='lat' dir='ltr'><strong>cedat</strong></span> <span class='ocrx_word' id='word_1_65' title='bbox 1055 1243 1151 1302; x_wconf 87' lang='lat' dir='ltr'><strong>tanta</strong></span> <span class='ocrx_word' id='word_1_66' title='bbox 1174 1235 1228 1301; x_wconf 86' lang='lat' dir='ltr'><strong>sui</strong></span> <span class='ocrx_word' id='word_1_67' title='bbox 1250 1234 1326 1300; x_wconf 93' lang='lat' dir='ltr'><strong>dili·</strong></span> 
     </span>
     <span class='ocr_line' id='line_1_9' title="bbox 166 1345 1417 1433; baseline -0.004 -21"><span class='ocrx_word' id='word_1_68' title='bbox 166 1347 301 1432; x_wconf 82' lang='lat' dir='ltr'><strong>gentia,</strong></span> <span class='ocrx_word' id='word_1_69' title='bbox 334 1367 405 1412; x_wconf 91' lang='lat' dir='ltr'><strong>non</strong></span> <span class='ocrx_word' id='word_1_70' title='bbox 437 1353 554 1412; x_wconf 87' lang='lat' dir='ltr'><strong>tamen</strong></span> <span class='ocrx_word' id='word_1_71' title='bbox 585 1345 735 1411; x_wconf 88' lang='lat' dir='ltr'><strong>iucunda</strong></span> <span class='ocrx_word' id='word_1_72' title='bbox 767 1346 839 1411; x_wconf 88' lang='lat' dir='ltr'><strong>uita</strong></span> <span class='ocrx_word' id='word_1_73' title='bbox 872 1351 931 1410; x_wconf 89' lang='lat' dir='ltr'><strong>aut</strong></span> <span class='ocrx_word' id='word_1_74' title='bbox 961 1367 1081 1411; x_wconf 87' lang='lat' dir='ltr'><strong>secura</strong></span> <span class='ocrx_word' id='word_1_75' title='bbox 1112 1351 1164 1409; x_wconf 87' lang='lat' dir='ltr'><strong>eet</strong></span> <span class='ocrx_word' id='word_1_76' title='bbox 1194 1364 1328 1430; x_wconf 86' lang='lat' dir='ltr'><strong>semper</strong></span> <span class='ocrx_word' id='word_1_77' title='bbox 1414 1426 1417 1433; x_wconf 21' lang='lat' dir='ltr'>y</span> 
     </span>
     <span class='ocr_line' id='line_1_10' title="bbox 167 1452 1362 1540; baseline -0.003 -21"><span class='ocrx_word' id='word_1_78' title='bbox 167 1454 235 1520; x_wconf 89' lang='lat' dir='ltr'><strong>sub</strong></span> <span class='ocrx_word' id='word_1_79' title='bbox 257 1475 405 1540; x_wconf 89' lang='lat' dir='ltr'><strong>persona</strong></span> <span class='ocrx_word' id='word_1_80' title='bbox 427 1453 625 1520; x_wconf 89' lang='lat' dir='ltr'><strong>uiuentium.</strong></span> <span class='ocrx_word' id='word_1_81' title='bbox 675 1453 724 1519; x_wconf 84' lang='lat' dir='ltr'><strong>At</strong></span> <span class='ocrx_word' id='word_1_82' title='bbox 745 1453 803 1519; x_wconf 89' lang='lat' dir='ltr'><strong>illa</strong></span> <span class='ocrx_word' id='word_1_83' title='bbox 825 1461 990 1540; x_wconf 89' lang='lat' dir='ltr'><strong>quantum</strong></span> <span class='ocrx_word' id='word_1_84' title='bbox 1012 1452 1118 1518; x_wconf 88' lang='lat' dir='ltr'><strong>habet</strong></span> <span class='ocrx_word' id='word_1_85' title='bbox 1140 1452 1326 1539; x_wconf 87' lang='lat' dir='ltr'><strong>uoluptatis</strong></span> <span class='ocrx_word' id='word_1_86' title='bbox 1344 1478 1362 1530; x_wconf 81' lang='lat'>2</span> 
     </span>
     <span class='ocr_line' id='line_1_11' title="bbox 128 1560 1327 1649; baseline -0.003 -22"><span class='ocrx_word' id='word_1_87' title='bbox 128 1591 153 1627; x_wconf 81' lang='grc' dir='ltr'><strong>ιο</strong></span> <span class='ocrx_word' id='word_1_88' title='bbox 168 1563 306 1628; x_wconf 89' lang='lat' dir='ltr'><strong>sincera</strong></span> <span class='ocrx_word' id='word_1_89' title='bbox 339 1569 375 1627; x_wconf 91' lang='lat' dir='ltr'><strong>et</strong></span> <span class='ocrx_word' id='word_1_90' title='bbox 406 1583 542 1649; x_wconf 79' lang='lat' dir='ltr'><strong>prorsus</strong></span> <span class='ocrx_word' id='word_1_91' title='bbox 575 1562 734 1628; x_wconf 88' lang='lat' dir='ltr'><strong>inornata</strong></span> <span class='ocrx_word' id='word_1_92' title='bbox 766 1562 980 1649; x_wconf 79' lang='lat' dir='ltr'><strong>simplicitas,</strong></span> <span class='ocrx_word' id='word_1_93' title='bbox 1024 1561 1110 1627; x_wconf 85' lang='lat' dir='ltr'><strong>nihil</strong></span> <span class='ocrx_word' id='word_1_94' title='bbox 1143 1560 1327 1628; x_wconf 81' lang='lat' dir='ltr'><strong>obtendens</strong></span> 
     </span>
     <span class='ocr_line' id='line_1_12' title="bbox 167 1669 1327 1756; baseline -0.003 -20"><span class='ocrx_word' id='word_1_95' title='bbox 167 1671 323 1738; x_wconf 89' lang='lat' dir='ltr'><strong>moribus</strong></span> <span class='ocrx_word' id='word_1_96' title='bbox 346 1671 431 1737; x_wconf 87' lang='lat' dir='ltr'><strong>suis!</strong></span> <span class='ocrx_word' id='word_1_97' title='bbox 478 1669 598 1754; x_wconf 78' lang='lat' dir='ltr'><strong>„Subit</strong></span> <span class='ocrx_word' id='word_1_98' title='bbox 619 1677 735 1735; x_wconf 88' lang='lat' dir='ltr'><strong>tamen</strong></span> <span class='ocrx_word' id='word_1_99' title='bbox 758 1677 792 1736; x_wconf 89' lang='lat' dir='ltr'><strong>et</strong></span> <span class='ocrx_word' id='word_1_100' title='bbox 813 1669 899 1737; x_wconf 89' lang='lat' dir='ltr'><strong>haec</strong></span> <span class='ocrx_word' id='word_1_101' title='bbox 915 1670 988 1736; x_wconf 91' lang='lat' dir='ltr'><strong>uita</strong></span> <span class='ocrx_word' id='word_1_102' title='bbox 1004 1676 1220 1756; x_wconf 88' lang='lat' dir='ltr'><strong>contemptus</strong></span> <span class='ocrx_word' id='word_1_103' title='bbox 1237 1669 1327 1755; x_wconf 89' lang='lat' dir='ltr'><strong>peri·</strong></span> 
     </span>
     <span class='ocr_line' id='line_1_13' title="bbox 169 1775 1328 1865; baseline -0.005 -19"><span class='ocrx_word' id='word_1_104' title='bbox 169 1780 296 1865; x_wconf 88' lang='lat' dir='ltr'><strong>culum,</strong></span> <span class='ocrx_word' id='word_1_105' title='bbox 319 1779 348 1844; x_wconf 89' lang='lat' dir='ltr'><strong>si</strong></span> <span class='ocrx_word' id='word_1_106' title='bbox 371 1780 485 1845; x_wconf 89' lang='lat' dir='ltr'><strong>omnia</strong></span> <span class='ocrx_word' id='word_1_107' title='bbox 508 1778 664 1844; x_wconf 87' lang='lat' dir='ltr'><strong>omnibus</strong></span> <span class='ocrx_word' id='word_1_108' title='bbox 686 1786 822 1865; x_wconf 88' lang='lat' dir='ltr'><strong>patent;</strong></span> <span class='ocrx_word' id='word_1_109' title='bbox 846 1787 925 1845; x_wconf 88' lang='lat' dir='ltr'><strong>sunt</strong></span> <span class='ocrx_word' id='word_1_110' title='bbox 948 1779 1047 1864; x_wconf 89' lang='lat' dir='ltr'><strong>enim,</strong></span> <span class='ocrx_word' id='word_1_111' title='bbox 1072 1778 1130 1865; x_wconf 91' lang='lat' dir='ltr'><strong>qui</strong></span> <span class='ocrx_word' id='word_1_112' title='bbox 1148 1775 1328 1842; x_wconf 84' lang='lat' dir='ltr'><strong>fastidiant</strong></span> 
     </span>
     <span class='ocr_line' id='line_1_14' title="bbox 169 1885 1327 1974; baseline -0.004 -21"><span class='ocrx_word' id='word_1_113' title='bbox 169 1887 336 1974; x_wconf 90' lang='lat' dir='ltr'><strong>quicquid</strong></span> <span class='ocrx_word' id='word_1_114' title='bbox 358 1886 497 1974; x_wconf 90' lang='lat' dir='ltr'><strong>propius</strong></span> <span class='ocrx_word' id='word_1_115' title='bbox 519 1886 708 1953; x_wconf 76' lang='lat' dir='ltr'><strong>uiderimt.“</strong></span> <span class='ocrx_word' id='word_1_116' title='bbox 734 1886 803 1952; x_wconf 85' lang='lat' dir='ltr'><strong>Sed</strong></span> <span class='ocrx_word' id='word_1_117' title='bbox 824 1910 889 1953; x_wconf 89' lang='lat' dir='ltr'><strong>nec</strong></span> <span class='ocrx_word' id='word_1_118' title='bbox 912 1888 1031 1953; x_wconf 84' lang='lat' dir='ltr'><strong>uirtuti</strong></span> <span class='ocrx_word' id='word_1_119' title='bbox 1052 1885 1242 1974; x_wconf 89' lang='lat' dir='ltr'><strong>periculum</strong></span> <span class='ocrx_word' id='word_1_120' title='bbox 1265 1891 1327 1968; x_wconf 86' lang='lat' dir='ltr'><strong>est,</strong></span> 
     </span>
     <span class='ocr_line' id='line_1_15' title="bbox 168 1993 1327 2082; baseline -0.005 -20"><span class='ocrx_word' id='word_1_121' title='bbox 168 2019 215 2062; x_wconf 91' lang='lat' dir='ltr'><strong>ne</strong></span> <span class='ocrx_word' id='word_1_122' title='bbox 241 1996 379 2062; x_wconf 79' lang='lat' dir='ltr'><strong>admota</strong></span> <span class='ocrx_word' id='word_1_123' title='bbox 401 1994 508 2060; x_wconf 88' lang='lat' dir='ltr'><strong>oculis</strong></span> <span class='ocrx_word' id='word_1_124' title='bbox 531 1995 725 2080; x_wconf 88' lang='lat' dir='ltr'><strong>reuilescat‚</strong></span> <span class='ocrx_word' id='word_1_125' title='bbox 750 2003 785 2062; x_wconf 91' lang='lat' dir='ltr'><strong>et</strong></span> <span class='ocrx_word' id='word_1_126' title='bbox 807 1997 913 2062; x_wconf 88' lang='lat' dir='ltr'><strong>satius</strong></span> <span class='ocrx_word' id='word_1_127' title='bbox 937 2001 990 2061; x_wconf 87' lang='lat' dir='ltr'><strong>est</strong></span> <span class='ocrx_word' id='word_1_128' title='bbox 1008 1994 1228 2082; x_wconf 84' lang='lat' dir='ltr'><strong>simplicitate</strong></span> <span class='ocrx_word' id='word_1_129' title='bbox 1246 1993 1327 2057; x_wconf 82' lang='lat' dir='ltr'><strong>con-</strong></span> 
     </span>
     <span class='ocr_line' id='line_1_16' title="bbox 130 2102 1327 2190; baseline -0.006 -18"><span class='ocrx_word' id='word_1_130' title='bbox 130 2136 156 2172; x_wconf 75' lang='lat' dir='ltr'><strong>ia</strong></span> <span class='ocrx_word' id='word_1_131' title='bbox 169 2106 281 2170; x_wconf 89' lang='lat' dir='ltr'><strong>temni</strong></span> <span class='ocrx_word' id='word_1_132' title='bbox 303 2126 405 2190; x_wconf 89' lang='lat' dir='ltr'><strong>quam</strong></span> <span class='ocrx_word' id='word_1_133' title='bbox 425 2109 593 2190; x_wconf 87' lang='lat' dir='ltr'><strong>perpetua</strong></span> <span class='ocrx_word' id='word_1_134' title='bbox 616 2104 831 2170; x_wconf 84' lang='lat' dir='ltr'><strong>simulatione</strong></span> <span class='ocrx_word' id='word_1_135' title='bbox 848 2103 1009 2188; x_wconf 85' lang='lat' dir='ltr'><strong>torqueri.</strong></span> <span class='ocrx_word' id='word_1_136' title='bbox 1053 2102 1195 2169; x_wconf 88' lang='lat' dir='ltr'><strong>Modum</strong></span> <span class='ocrx_word' id='word_1_137' title='bbox 1212 2107 1327 2166; x_wconf 88' lang='lat' dir='ltr'><strong>tamen</strong></span> 
     </span>
     <span class='ocr_line' id='line_1_17' title="bbox 169 2209 1329 2299; baseline -0.003 -22"><span class='ocrx_word' id='word_1_138' title='bbox 169 2213 223 2277; x_wconf 90' lang='lat' dir='ltr'><strong>rei</strong></span> <span class='ocrx_word' id='word_1_139' title='bbox 258 2209 497 2278; x_wconf 78' lang='lat' dir='ltr'><strong>adhibeamus:</strong></span> <span class='ocrx_word' id='word_1_140' title='bbox 542 2211 685 2278; x_wconf 89' lang='lat' dir='ltr'><strong>multum</strong></span> <span class='ocrx_word' id='word_1_141' title='bbox 716 2213 875 2296; x_wconf 86' lang='lat' dir='ltr'><strong>interest,</strong></span> <span class='ocrx_word' id='word_1_142' title='bbox 920 2211 1120 2299; x_wconf 88' lang='lat' dir='ltr'><strong>simpliciter</strong></span> <span class='ocrx_word' id='word_1_143' title='bbox 1152 2211 1249 2276; x_wconf 85' lang='lat' dir='ltr'><strong>uiuae</strong></span> <span class='ocrx_word' id='word_1_144' title='bbox 1284 2231 1329 2274; x_wconf 92' lang='lat' dir='ltr'><strong>an</strong></span> 
     </span>
     <span class='ocr_line' id='line_1_18' title="bbox 170 2319 1362 2407; baseline -0.003 -22"><span class='ocrx_word' id='word_1_145' title='bbox 170 2319 406 2407; x_wconf 83' lang='lat' dir='ltr'><strong>neglegenter.</strong></span> <span class='ocrx_word' id='word_1_146' title='bbox 450 2320 598 2386; x_wconf 88' lang='lat' dir='ltr'><strong>Multum</strong></span> <span class='ocrx_word' id='word_1_147' title='bbox 622 2321 714 2386; x_wconf 89' lang='lat' dir='ltr'><strong>etin</strong></span> <span class='ocrx_word' id='word_1_148' title='bbox 737 2345 773 2388; x_wconf 90' lang='lat' dir='ltr'><strong>se</strong></span> <span class='ocrx_word' id='word_1_149' title='bbox 796 2321 1023 2388; x_wconf 82' lang='lat' dir='ltr'><strong>recedendum</strong></span> <span class='ocrx_word' id='word_1_150' title='bbox 1046 2328 1114 2404; x_wconf 89' lang='lat' dir='ltr'><strong>est;</strong></span> <span class='ocrx_word' id='word_1_151' title='bbox 1146 2339 1326 2386; x_wconf 87' lang='lat' dir='ltr'><strong>conuersa·</strong></span> <span class='ocrx_word' id='word_1_152' title='bbox 1345 2351 1362 2404; x_wconf 84' lang='lat'><strong>3</strong></span> 
     </span>
     <span class='ocr_line' id='line_1_19' title="bbox 171 2427 1328 2517; baseline -0.002 -25"><span class='ocrx_word' id='word_1_153' title='bbox 171 2429 222 2493; x_wconf 91' lang='lat' dir='ltr'><strong>tio</strong></span> <span class='ocrx_word' id='word_1_154' title='bbox 254 2428 345 2493; x_wconf 91' lang='lat' dir='ltr'><strong>enim</strong></span> <span class='ocrx_word' id='word_1_155' title='bbox 373 2427 587 2494; x_wconf 90' lang='lat' dir='ltr'><strong>dissimilium</strong></span> <span class='ocrx_word' id='word_1_156' title='bbox 609 2429 698 2494; x_wconf 91' lang='lat' dir='ltr'><strong>bene</strong></span> <span class='ocrx_word' id='word_1_157' title='bbox 722 2431 912 2517; x_wconf 88' lang='lat' dir='ltr'><strong>composita</strong></span> <span class='ocrx_word' id='word_1_158' title='bbox 934 2430 1105 2495; x_wconf 88' lang='lat' dir='ltr'><strong>disturbat</strong></span> <span class='ocrx_word' id='word_1_159' title='bbox 1128 2435 1163 2494; x_wconf 87' lang='lat' dir='ltr'><strong>et</strong></span> <span class='ocrx_word' id='word_1_160' title='bbox 1183 2431 1328 2492; x_wconf 88' lang='lat' dir='ltr'><strong>renouat</strong></span> 
     </span>
     <span class='ocr_line' id='line_1_20' title="bbox 171 2534 1328 2626; baseline -0.003 -24"><span class='ocrx_word' id='word_1_161' title='bbox 171 2534 330 2614; x_wconf 79' lang='lat' dir='ltr'><strong>adfectus</strong></span> <span class='ocrx_word' id='word_1_162' title='bbox 365 2543 400 2602; x_wconf 91' lang='lat' dir='ltr'><strong>et</strong></span> <span class='ocrx_word' id='word_1_163' title='bbox 423 2536 585 2622; x_wconf 87' lang='lat' dir='ltr'><strong>quiequid</strong></span> <span class='ocrx_word' id='word_1_164' title='bbox 606 2537 806 2626; x_wconf 87' lang='lat' dir='ltr'><strong>inbecillum</strong></span> <span class='ocrx_word' id='word_1_165' title='bbox 828 2539 864 2604; x_wconf 93' lang='lat' dir='ltr'><strong>in</strong></span> <span class='ocrx_word' id='word_1_166' title='bbox 888 2539 999 2604; x_wconf 90' lang='lat' dir='ltr'><strong>animo</strong></span> <span class='ocrx_word' id='word_1_167' title='bbox 1022 2560 1088 2604; x_wconf 92' lang='lat' dir='ltr'><strong>nec</strong></span> <span class='ocrx_word' id='word_1_168' title='bbox 1110 2541 1328 2624; x_wconf 87' lang='lat' dir='ltr'><strong>percuratum</strong></span> 
     </span>
     <span class='ocr_line' id='line_1_21' title="bbox 131 2643 1326 2724; baseline -0.004 -12"><span class='ocrx_word' id='word_1_169' title='bbox 131 2675 156 2712; x_wconf 69' lang='grc' dir='ltr'><strong>ιο</strong></span> <span class='ocrx_word' id='word_1_170' title='bbox 172 2652 227 2712; x_wconf 86' lang='lat' dir='ltr'><strong>est</strong></span> <span class='ocrx_word' id='word_1_171' title='bbox 256 2643 436 2710; x_wconf 88' lang='lat' dir='ltr'><strong>exulcerat.</strong></span> <span class='ocrx_word' id='word_1_172' title='bbox 496 2645 675 2712; x_wconf 87' lang='lat' dir='ltr'><strong>Miscenda</strong></span> <span class='ocrx_word' id='word_1_173' title='bbox 702 2653 819 2712; x_wconf 89' lang='lat' dir='ltr'><strong>tamen</strong></span> <span class='ocrx_word' id='word_1_174' title='bbox 846 2648 914 2713; x_wconf 85' lang='lat' dir='ltr'><strong>ista</strong></span> <span class='ocrx_word' id='word_1_175' title='bbox 942 2655 977 2712; x_wconf 89' lang='lat' dir='ltr'><strong>et</strong></span> <span class='ocrx_word' id='word_1_176' title='bbox 1005 2645 1206 2714; x_wconf 86' lang='lat' dir='ltr'><strong>alternanda</strong></span> <span class='ocrx_word' id='word_1_177' title='bbox 1234 2651 1326 2724; x_wconf 81' lang='lat' dir='ltr'><strong>sunt,</strong></span> 
     </span>
     <span class='ocr_line' id='line_1_22' title="bbox 171 2751 1326 2839; baseline -0.005 -19"><span class='ocrx_word' id='word_1_178' title='bbox 171 2752 323 2820; x_wconf 91' lang='lat' dir='ltr'><strong>solitudo</strong></span> <span class='ocrx_word' id='word_1_179' title='bbox 354 2759 389 2817; x_wconf 92' lang='lat' dir='ltr'><strong>et</strong></span> <span class='ocrx_word' id='word_1_180' title='bbox 415 2751 625 2839; x_wconf 83' lang='lat' dir='ltr'><strong>frequentia:</strong></span> <span class='ocrx_word' id='word_1_181' title='bbox 659 2754 719 2820; x_wconf 91' lang='lat' dir='ltr'><strong>illa</strong></span> <span class='ocrx_word' id='word_1_182' title='bbox 744 2755 845 2820; x_wconf 87' lang='lat' dir='ltr'><strong>nobis</strong></span> <span class='ocrx_word' id='word_1_183' title='bbox 867 2753 972 2820; x_wconf 86' lang='lat' dir='ltr'><strong>faciet</strong></span> <span class='ocrx_word' id='word_1_184' title='bbox 994 2753 1170 2821; x_wconf 88' lang='lat' dir='ltr'><strong>hominum</strong></span> <span class='ocrx_word' id='word_1_185' title='bbox 1193 2751 1326 2817; x_wconf 91' lang='lat' dir='ltr'><strong>deside-</strong></span> 
     </span>
     <span class='ocr_line' id='line_1_23' title="bbox 170 2860 1328 2946; baseline -0.002 -19"><span class='ocrx_word' id='word_1_186' title='bbox 170 2862 269 2946; x_wconf 83' lang='lat' dir='ltr'><strong>rium,</strong></span> <span class='ocrx_word' id='word_1_187' title='bbox 291 2860 378 2927; x_wconf 89' lang='lat' dir='ltr'><strong>haee</strong></span> <span class='ocrx_word' id='word_1_188' title='bbox 401 2862 520 2946; x_wconf 87' lang='lat' dir='ltr'><strong>nostri,</strong></span> <span class='ocrx_word' id='word_1_189' title='bbox 544 2869 579 2928; x_wconf 89' lang='lat' dir='ltr'><strong>et</strong></span> <span class='ocrx_word' id='word_1_190' title='bbox 602 2862 667 2928; x_wconf 81' lang='lat' dir='ltr'><strong>e&#39;rit</strong></span> <span class='ocrx_word' id='word_1_191' title='bbox 689 2863 795 2930; x_wconf 86' lang='lat' dir='ltr'><strong>altero</strong></span> <span class='ocrx_word' id='word_1_192' title='bbox 818 2862 956 2928; x_wconf 86' lang='lat' dir='ltr'><strong>alterius</strong></span> <span class='ocrx_word' id='word_1_193' title='bbox 979 2861 1182 2945; x_wconf 78' lang='lat' dir='ltr'><strong>remedium3</strong></span> <span class='ocrx_word' id='word_1_194' title='bbox 1212 2860 1328 2926; x_wconf 90' lang='lat' dir='ltr'><strong>odium</strong></span> 
     </span>
     <span class='ocr_line' id='line_1_24' title="bbox 171 2968 1362 3056; baseline -0.002 -22"><span class='ocrx_word' id='word_1_195' title='bbox 171 2969 295 3034; x_wconf 88' lang='lat' dir='ltr'><strong>turbae</strong></span> <span class='ocrx_word' id='word_1_196' title='bbox 326 2969 461 3035; x_wconf 88' lang='lat' dir='ltr'><strong>sanabit</strong></span> <span class='ocrx_word' id='word_1_197' title='bbox 490 2970 655 3056; x_wconf 86' lang='lat' dir='ltr'><strong>solitudo,</strong></span> <span class='ocrx_word' id='word_1_198' title='bbox 689 2971 841 3038; x_wconf 90' lang='lat' dir='ltr'><strong>taedium</strong></span> <span class='ocrx_word' id='word_1_199' title='bbox 869 2969 1062 3036; x_wconf 87' lang='lat' dir='ltr'><strong>solitudinis</strong></span> <span class='ocrx_word' id='word_1_200' title='bbox 1090 2968 1199 3036; x_wconf 90' lang='lat' dir='ltr'><strong>turba.</strong></span> <span class='ocrx_word' id='word_1_201' title='bbox 1254 2968 1362 3054; x_wconf 83' lang='lat' dir='ltr'><strong>Nec4</strong></span> 
     </span>
     <span class='ocr_line' id='line_1_25' title="bbox 171 3075 1328 3165; baseline -0.001 -23"><span class='ocrx_word' id='word_1_202' title='bbox 171 3077 209 3142; x_wconf 91' lang='lat' dir='ltr'><strong>in</strong></span> <span class='ocrx_word' id='word_1_203' title='bbox 244 3077 365 3143; x_wconf 87' lang='lat' dir='ltr'><strong>eedem</strong></span> <span class='ocrx_word' id='word_1_204' title='bbox 394 3078 587 3144; x_wconf 90' lang='lat' dir='ltr'><strong>intentione</strong></span> <span class='ocrx_word' id='word_1_205' title='bbox 618 3079 806 3165; x_wconf 88' lang='lat' dir='ltr'><strong>aequaliter</strong></span> <span class='ocrx_word' id='word_1_206' title='bbox 832 3076 1013 3144; x_wconf 87' lang='lat' dir='ltr'><strong>retinenda</strong></span> <span class='ocrx_word' id='word_1_207' title='bbox 1038 3101 1135 3144; x_wconf 90' lang='lat' dir='ltr'><strong>mens</strong></span> <span class='ocrx_word' id='word_1_208' title='bbox 1166 3084 1232 3160; x_wconf 87' lang='lat' dir='ltr'><strong>est,</strong></span> <span class='ocrx_word' id='word_1_209' title='bbox 1267 3075 1328 3142; x_wconf 88' lang='lat' dir='ltr'><strong>sed</strong></span> 
     </span>
     <span class='ocr_line' id='line_1_26' title="bbox 133 3184 1328 3275; baseline -0.007 -19"><span class='ocrx_word' id='word_1_210' title='bbox 133 3216 158 3256; x_wconf 74' lang='lat' dir='ltr'><strong>as</strong></span> <span class='ocrx_word' id='word_1_211' title='bbox 173 3185 218 3252; x_wconf 83' lang='lat' dir='ltr'><strong>ad</strong></span> <span class='ocrx_word' id='word_1_212' title='bbox 246 3186 342 3252; x_wconf 85' lang='lat' dir='ltr'><strong>iocos</strong></span> <span class='ocrx_word' id='word_1_213' title='bbox 371 3184 581 3253; x_wconf 87' lang='lat' dir='ltr'><strong>deuoeanda.</strong></span> <span class='ocrx_word' id='word_1_214' title='bbox 638 3187 723 3253; x_wconf 75' lang='lat' dir='ltr'><strong>(lum</strong></span> <span class='ocrx_word' id='word_1_215' title='bbox 752 3187 902 3275; x_wconf 90' lang='lat' dir='ltr'><strong>puerulis</strong></span> <span class='ocrx_word' id='word_1_216' title='bbox 926 3185 1084 3252; x_wconf 86' lang='lat' dir='ltr'><strong>Socrates</strong></span> <span class='ocrx_word' id='word_1_217' title='bbox 1112 3185 1230 3250; x_wconf 90' lang='lat' dir='ltr'><strong>ludere</strong></span> <span class='ocrx_word' id='word_1_218' title='bbox 1258 3204 1328 3249; x_wconf 90' lang='lat' dir='ltr'><strong>non</strong></span> 
     </span>
     <span class='ocr_line' id='line_1_27' title="bbox 173 3291 1327 3379; baseline -0.003 -20"><span class='ocrx_word' id='word_1_219' title='bbox 173 3292 408 3376; x_wconf 88' lang='lat' dir='ltr'><strong>erubescebat,</strong></span> <span class='ocrx_word' id='word_1_220' title='bbox 444 3301 478 3360; x_wconf 90' lang='lat' dir='ltr'><strong>et</strong></span> <span class='ocrx_word' id='word_1_221' title='bbox 501 3295 587 3362; x_wconf 82' lang='lat' dir='ltr'><strong>Cato</strong></span> <span class='ocrx_word' id='word_1_222' title='bbox 616 3296 697 3361; x_wconf 91' lang='lat' dir='ltr'><strong>uino</strong></span> <span class='ocrx_word' id='word_1_223' title='bbox 725 3295 866 3362; x_wconf 87' lang='lat' dir='ltr'><strong>laxabat</strong></span> <span class='ocrx_word' id='word_1_224' title='bbox 894 3295 1042 3360; x_wconf 90' lang='lat' dir='ltr'><strong>animum</strong></span> <span class='ocrx_word' id='word_1_225' title='bbox 1071 3294 1159 3360; x_wconf 87' lang='lat' dir='ltr'><strong>curis</strong></span> <span class='ocrx_word' id='word_1_226' title='bbox 1181 3291 1327 3379; x_wconf 88' lang='lat' dir='ltr'><strong>publicis</strong></span> 
     </span>
     <span class='ocr_line' id='line_1_28' title="bbox 171 3400 1328 3490; baseline -0.002 -24"><span class='ocrx_word' id='word_1_227' title='bbox 171 3400 371 3488; x_wconf 82' lang='lat' dir='ltr'><strong>fatigatum,</strong></span> <span class='ocrx_word' id='word_1_228' title='bbox 406 3408 441 3466; x_wconf 93' lang='lat' dir='ltr'><strong>et</strong></span> <span class='ocrx_word' id='word_1_229' title='bbox 468 3401 585 3490; x_wconf 86' lang='lat' dir='ltr'><strong>Scipio</strong></span> <span class='ocrx_word' id='word_1_230' title='bbox 614 3403 818 3490; x_wconf 88' lang='lat' dir='ltr'><strong>triumphale</strong></span> <span class='ocrx_word' id='word_1_231' title='bbox 846 3403 931 3469; x_wconf 93' lang='lat' dir='ltr'><strong>illud</strong></span> <span class='ocrx_word' id='word_1_232' title='bbox 960 3425 1000 3469; x_wconf 91' lang='lat' dir='ltr'><strong>ao</strong></span> <span class='ocrx_word' id='word_1_233' title='bbox 1028 3403 1174 3469; x_wconf 87' lang='lat' dir='ltr'><strong>militare</strong></span> <span class='ocrx_word' id='word_1_234' title='bbox 1205 3421 1328 3487; x_wconf 87' lang='lat' dir='ltr'><strong>corpus</strong></span> 
     </span>
    </p>
   </div>
   <div class='ocr_carea' id='block_1_3' title="bbox 218 3593 404 3600">
    <p class='ocr_par' dir='ltr' id='par_1_4' title="bbox 218 3593 404 3600">
     <span class='ocr_line' id='line_1_29' title="bbox 218 3593 404 3600; baseline 0.005 0"><span class='ocrx_word' id='word_1_235' title='bbox 218 3593 404 3600; x_wconf 71' lang='lat'>——-—--—</span> 
     </span>
    </p>
   </div>
   <div class='ocr_carea' id='block_1_4' title="bbox 170 3707 1331 4815">
    <p class='ocr_par' dir='ltr' id='par_1_5' title="bbox 171 3707 1227 3779">
     <span class='ocr_line' id='line_1_30' title="bbox 171 3707 1227 3779; baseline 0 -15"><span class='ocrx_word' id='word_1_236' title='bbox 171 3711 189 3764; x_wconf 88' lang='grc'>2</span> <span class='ocrx_word' id='word_1_237' title='bbox 215 3709 272 3766; x_wconf 87' lang='lat' dir='ltr'><strong>site</strong></span> <span class='ocrx_word' id='word_1_238' title='bbox 296 3709 381 3764; x_wconf 83' lang='lat' dir='ltr'><strong>anxie</strong></span> <span class='ocrx_word' id='word_1_239' title='bbox 400 3708 446 3776; x_wconf 56' lang='lat' dir='ltr'><strong>lu</strong></span> <span class='ocrx_word' id='word_1_240' title='bbox 472 3709 503 3764; x_wconf 79' lang='lat' dir='ltr'><strong>in</strong></span> <span class='ocrx_word' id='word_1_241' title='bbox 525 3725 577 3778; x_wconf 69' lang='lat' dir='ltr'><strong>my.</strong></span> <span class='ocrx_word' id='word_1_242' title='bbox 596 3710 643 3767; x_wconf 60' lang='grc' dir='ltr'><strong>Νι</strong></span> <span class='ocrx_word' id='word_1_243' title='bbox 670 3711 712 3765; x_wconf 81' lang='lat' dir='ltr'><strong>el.</strong></span> <span class='ocrx_word' id='word_1_244' title='bbox 736 3711 761 3764; x_wconf 86' lang='lat' dir='ltr'><strong>si</strong></span> <span class='ocrx_word' id='word_1_245' title='bbox 785 3715 823 3766; x_wconf 76' lang='lat' dir='ltr'><strong>no</strong></span> <span class='ocrx_word' id='word_1_246' title='bbox 846 3710 932 3768; x_wconf 84' lang='lat' dir='ltr'><strong>anxie</strong></span> <span class='ocrx_word' id='word_1_247' title='bbox 1036 3728 1090 3766; x_wconf 90' lang='lat' dir='ltr'><strong>nec</strong></span> <span class='ocrx_word' id='word_1_248' title='bbox 1108 3707 1227 3779; x_wconf 72' lang='lat' dir='ltr'><strong>uillisd</strong></span> 
     </span>
    </p>

    <p class='ocr_par' dir='ltr' id='par_1_6' title="bbox 170 3793 1331 4633">
     <span class='ocr_line' id='line_1_31' title="bbox 172 3793 1329 3863; baseline -0.003 -13"><span class='ocrx_word' id='word_1_249' title='bbox 172 3797 188 3850; x_wconf 81' lang='lat'>4</span> <span class='ocrx_word' id='word_1_250' title='bbox 215 3794 333 3850; x_wconf 77' lang='lat' dir='ltr'><strong>assidua</strong></span> <span class='ocrx_word' id='word_1_251' title='bbox 351 3793 385 3850; x_wconf 66' lang='lat' dir='ltr'><strong>Al</strong></span> <span class='ocrx_word' id='word_1_252' title='bbox 402 3795 440 3862; x_wconf 77' lang='lat' dir='ltr'><strong>(P)</strong></span> <span class='ocrx_word' id='word_1_253' title='bbox 543 3797 561 3850; x_wconf 80' lang='lat'><strong>5</strong></span> <span class='ocrx_word' id='word_1_254' title='bbox 586 3796 692 3852; x_wconf 88' lang='lat' dir='ltr'><strong>metuit</strong></span> <span class='ocrx_word' id='word_1_255' title='bbox 710 3795 745 3863; x_wconf 76' lang='lat' dir='ltr'><strong>l;</strong></span> <span class='ocrx_word' id='word_1_256' title='bbox 772 3796 868 3851; x_wconf 79' lang='lat' dir='ltr'><strong>malim</strong></span> <span class='ocrx_word' id='word_1_257' title='bbox 891 3803 1030 3862; x_wconf 87' lang='lat' dir='ltr'><strong>metuere,</strong></span> <span class='ocrx_word' id='word_1_258' title='bbox 1056 3803 1089 3850; x_wconf 80' lang='lat' dir='ltr'><strong>ut</strong></span> <span class='ocrx_word' id='word_1_259' title='bbox 1109 3795 1154 3849; x_wconf 75' lang='lat' dir='ltr'><strong>rac</strong></span> <span class='ocrx_word' id='word_1_260' title='bbox 1172 3793 1329 3860; x_wconf 70' lang='lat' dir='ltr'><strong>tufiuitiuus</strong></span> 
     </span>
     <span class='ocr_line' id='line_1_32' title="bbox 170 3881 1329 3950; baseline -0.004 -14"><span class='ocrx_word' id='word_1_261' title='bbox 170 3882 341 3936; x_wconf 65' lang='lat' dir='ltr'><strong>mutarint</strong></span> <span class='ocrx_word' id='word_1_262' title='bbox 363 3881 419 3936; x_wconf 87' lang='lat' dir='ltr'><strong>loco</strong></span> <span class='ocrx_word' id='word_1_263' title='bbox 437 3896 498 3934; x_wconf 82' lang='lat' dir='ltr'><strong>cum</strong></span> <span class='ocrx_word' id='word_1_264' title='bbox 516 3897 545 3935; x_wconf 83' lang='lat' dir='ltr'><strong>ec</strong></span> <span class='ocrx_word' id='word_1_265' title='bbox 563 3897 587 3950; x_wconf 79' lang='lat' dir='ltr'><strong>q.</strong></span> <span class='ocrx_word' id='word_1_266' title='bbox 607 3899 627 3936; x_wconf 83' lang='lat' dir='ltr'><strong>e.</strong></span> <span class='ocrx_word' id='word_1_267' title='bbox 647 3881 815 3937; x_wconf 88' lang='lat' dir='ltr'><strong>obseruatio</strong></span> <span class='ocrx_word' id='word_1_268' title='bbox 834 3883 1032 3950; x_wconf 57' lang='lat' dir='ltr'><strong>centunculum·</strong></span> <span class='ocrx_word' id='word_1_269' title='bbox 1058 3897 1123 3934; x_wconf 81' lang='lat' dir='ltr'><strong>nam</strong></span> <span class='ocrx_word' id='word_1_270' title='bbox 1142 3881 1251 3934; x_wconf 76' lang='lat' dir='ltr'><strong>tertiam</strong></span> <span class='ocrx_word' id='word_1_271' title='bbox 1266 3895 1329 3946; x_wconf 78' lang='lat' dir='ltr'><strong>per-</strong></span> 
     </span>
     <span class='ocr_line' id='line_1_33' title="bbox 172 3963 1330 4036; baseline -0.005 -14"><span class='ocrx_word' id='word_1_272' title='bbox 172 3982 269 4023; x_wconf 80' lang='lat' dir='ltr'><strong>sonam</strong></span> <span class='ocrx_word' id='word_1_273' title='bbox 294 3968 372 4021; x_wconf 79' lang='lat' dir='ltr'><strong>uerbi</strong></span> <span class='ocrx_word' id='word_1_274' title='bbox 397 3967 447 4020; x_wconf 72' lang='lat' dir='ltr'><strong>aa</strong></span> <span class='ocrx_word' id='word_1_275' title='bbox 464 3966 604 4034; x_wconf 73' lang='lat' dir='ltr'><strong>expediar,</strong></span> <span class='ocrx_word' id='word_1_276' title='bbox 630 3967 762 4036; x_wconf 73' lang='lat' dir='ltr'><strong>quoniam</strong></span> <span class='ocrx_word' id='word_1_277' title='bbox 780 3965 947 4022; x_wconf 88' lang='lat' dir='ltr'><strong>obseruatio</strong></span> <span class='ocrx_word' id='word_1_278' title='bbox 966 3967 1042 4020; x_wconf 81' lang='lat' dir='ltr'><strong>uerbi</strong></span> <span class='ocrx_word' id='word_1_279' title='bbox 1059 3964 1166 4020; x_wconf 88' lang='lat' dir='ltr'><strong>metuit</strong></span> <span class='ocrx_word' id='word_1_280' title='bbox 1183 3963 1330 4018; x_wconf 66' lang='lat' dir='ltr'><strong>abiectum</strong></span> 
     </span>
     <span class='ocr_line' id='line_1_34' title="bbox 171 4051 1329 4120; baseline -0.004 -13"><span class='ocrx_word' id='word_1_281' title='bbox 171 4069 231 4108; x_wconf 79' lang='lat' dir='ltr'><strong>ease</strong></span> <span class='ocrx_word' id='word_1_282' title='bbox 247 4067 304 4107; x_wconf 77' lang='lat' dir='ltr'><strong>aon</strong></span> <span class='ocrx_word' id='word_1_283' title='bbox 319 4059 416 4120; x_wconf 70' lang='lat' dir='ltr'><strong>potest.</strong></span> <span class='ocrx_word' id='word_1_284' title='bbox 485 4051 504 4105; x_wconf 90' lang='lat'>8</span> <span class='ocrx_word' id='word_1_285' title='bbox 521 4051 646 4106; x_wconf 84' lang='lat' dir='ltr'><strong>iocunda</strong></span> <span class='ocrx_word' id='word_1_286' title='bbox 664 4051 693 4119; x_wconf 80' lang='grc' dir='ltr'><strong>Α,</strong></span> <span class='ocrx_word' id='word_1_287' title='bbox 704 4052 760 4110; x_wconf 78' lang='lat' dir='ltr'><strong>,sed</strong></span> <span class='ocrx_word' id='word_1_288' title='bbox 777 4068 794 4105; x_wconf 94' lang='lat' dir='ltr'><strong>o</strong></span> <span class='ocrx_word' id='word_1_289' title='bbox 813 4068 848 4106; x_wconf 78' lang='lat' dir='ltr'><strong>ea</strong></span> <span class='ocrx_word' id='word_1_290' title='bbox 865 4071 885 4107; x_wconf 92' lang='lat' dir='ltr'><strong>u</strong></span> <span class='ocrx_word' id='word_1_291' title='bbox 903 4067 971 4106; x_wconf 77' lang='lat' dir='ltr'><strong>corr.</strong></span> <span class='ocrx_word' id='word_1_292' title='bbox 989 4067 1024 4105; x_wconf 86' lang='lat' dir='ltr'><strong>m.</strong></span> <span class='ocrx_word' id='word_1_293' title='bbox 1042 4066 1096 4104; x_wconf 80' lang='lat' dir='ltr'><strong>rec.</strong></span> <span class='ocrx_word' id='word_1_294' title='bbox 1159 4051 1191 4103; x_wconf 87' lang='lat'><strong>10</strong></span> <span class='ocrx_word' id='word_1_295' title='bbox 1210 4065 1329 4119; x_wconf 85' lang='lat' dir='ltr'><strong>prorsus</strong></span> 
     </span>
     <span class='ocr_line' id='line_1_35' title="bbox 172 4132 1227 4207; baseline -0.003 -15"><span class='ocrx_word' id='word_1_296' title='bbox 172 4137 310 4192; x_wconf 88' lang='lat' dir='ltr'><strong>inornata</strong></span> <span class='ocrx_word' id='word_1_297' title='bbox 335 4137 448 4205; x_wconf 54' lang='lat' dir='ltr'><strong>scriptu</strong></span> <span class='ocrx_word' id='word_1_298' title='bbox 476 4153 527 4206; x_wconf 80' lang='lat' dir='ltr'><strong>pse</strong></span> <span class='ocrx_word' id='word_1_299' title='bbox 551 4137 687 4192; x_wconf 85' lang='lat' dir='ltr'><strong>inornata</strong></span> <span class='ocrx_word' id='word_1_300' title='bbox 705 4137 741 4205; x_wconf 74' lang='lat' dir='ltr'><strong>l;</strong></span> <span class='ocrx_word' id='word_1_301' title='bbox 767 4153 820 4207; x_wconf 88' lang='lat' dir='ltr'><strong>per</strong></span> <span class='ocrx_word' id='word_1_302' title='bbox 838 4154 869 4191; x_wconf 91' lang='lat' dir='ltr'><strong>se</strong></span> <span class='ocrx_word' id='word_1_303' title='bbox 888 4143 992 4191; x_wconf 82' lang='lat' dir='ltr'><strong>ornata</strong></span> <span class='ocrx_word' id='word_1_304' title='bbox 1009 4150 1081 4189; x_wconf 75' lang='lat' dir='ltr'><strong>aaut</strong></span> <span class='ocrx_word' id='word_1_305' title='bbox 1098 4132 1120 4192; x_wconf 78' lang='lat' dir='ltr'><strong>l)</strong></span> <span class='ocrx_word' id='word_1_306' title='bbox 1140 4142 1165 4190; x_wconf 81' lang='lat' dir='ltr'><strong>et</strong></span> <span class='ocrx_word' id='word_1_307' title='bbox 1183 4151 1227 4202; x_wconf 71' lang='lat' dir='ltr'><strong>uo.</strong></span> 
     </span>
     <span class='ocr_line' id='line_1_36' title="bbox 174 4218 1329 4292; baseline -0.005 -14"><span class='ocrx_word' id='word_1_308' title='bbox 174 4221 336 4278; x_wconf 86' lang='lat' dir='ltr'><strong>obtendens</strong></span> <span class='ocrx_word' id='word_1_309' title='bbox 354 4237 407 4290; x_wconf 67' lang='lat' dir='ltr'><strong>nro.</strong></span> <span class='ocrx_word' id='word_1_310' title='bbox 426 4222 466 4277; x_wconf 82' lang='lat' dir='ltr'><strong>ed.</strong></span> <span class='ocrx_word' id='word_1_311' title='bbox 485 4221 601 4277; x_wconf 79' lang='lat' dir='ltr'><strong>Eroami</strong></span> <span class='ocrx_word' id='word_1_312' title='bbox 619 4229 645 4277; x_wconf 80' lang='lat' dir='ltr'><strong>et</strong></span> <span class='ocrx_word' id='word_1_313' title='bbox 662 4239 706 4292; x_wconf 72' lang='lat' dir='ltr'><strong>aq.</strong></span> <span class='ocrx_word' id='word_1_314' title='bbox 723 4229 793 4291; x_wconf 80' lang='lat' dir='ltr'><strong>pou.</strong></span> <span class='ocrx_word' id='word_1_315' title='bbox 806 4222 961 4288; x_wconf 63' lang='lat' dir='ltr'><strong>Moratum</strong></span> <span class='ocrx_word' id='word_1_316' title='bbox 990 4219 1138 4292; x_wconf 73' lang='lat' dir='ltr'><strong>obedilens</strong></span> <span class='ocrx_word' id='word_1_317' title='bbox 1157 4219 1192 4286; x_wconf 79' lang='lat' dir='ltr'><strong>l;</strong></span> <span class='ocrx_word' id='word_1_318' title='bbox 1219 4218 1329 4274; x_wconf 81' lang='lat' dir='ltr'><strong>obdens</strong></span> 
     </span>
     <span class='ocr_line' id='line_1_37' title="bbox 172 4305 1330 4377; baseline -0.005 -13"><span class='ocrx_word' id='word_1_319' title='bbox 172 4309 232 4364; x_wconf 81' lang='lat' dir='ltr'><strong>edd.</strong></span> <span class='ocrx_word' id='word_1_320' title='bbox 252 4308 429 4377; x_wconf 54' lang='lat' dir='ltr'><strong>anteriores.</strong></span> <span class='ocrx_word' id='word_1_321' title='bbox 514 4307 547 4361; x_wconf 82' lang='lat'><strong>13</strong></span> <span class='ocrx_word' id='word_1_322' title='bbox 564 4307 702 4363; x_wconf 88' lang='lat' dir='ltr'><strong>uiderunt</strong></span> <span class='ocrx_word' id='word_1_323' title='bbox 719 4308 820 4376; x_wconf 71' lang='lat' dir='ltr'><strong>scripti</strong></span> <span class='ocrx_word' id='word_1_324' title='bbox 837 4311 960 4375; x_wconf 78' lang='lat' dir='ltr'><strong>(propter</strong></span> <span class='ocrx_word' id='word_1_325' title='bbox 976 4311 1082 4376; x_wconf 85' lang='lat' dir='ltr'><strong>patent</strong></span> <span class='ocrx_word' id='word_1_326' title='bbox 1099 4313 1124 4361; x_wconf 81' lang='lat' dir='ltr'><strong>et</strong></span> <span class='ocrx_word' id='word_1_327' title='bbox 1141 4305 1231 4374; x_wconf 70' lang='lat' dir='ltr'><strong>mauis</strong></span> <span class='ocrx_word' id='word_1_328' title='bbox 1249 4305 1330 4360; x_wconf 81' lang='lat' dir='ltr'><strong>etiem</strong></span> 
     </span>
     <span class='ocr_line' id='line_1_38' title="bbox 171 4391 1330 4462; baseline -0.002 -14"><span class='ocrx_word' id='word_1_329' title='bbox 171 4400 285 4462; x_wconf 75' lang='lat' dir='ltr'><strong>propter</strong></span> <span class='ocrx_word' id='word_1_330' title='bbox 310 4409 421 4462; x_wconf 77' lang='lat' dir='ltr'><strong>sequena</strong></span> <span class='ocrx_word' id='word_1_331' title='bbox 449 4392 567 4447; x_wconf 83' lang='lat' dir='ltr'><strong>admota</strong></span> <span class='ocrx_word' id='word_1_332' title='bbox 594 4392 713 4459; x_wconf 88' lang='lat' dir='ltr'><strong>oeulis);</strong></span> <span class='ocrx_word' id='word_1_333' title='bbox 741 4393 898 4448; x_wconf 87' lang='lat' dir='ltr'><strong>audierunt</strong></span> <span class='ocrx_word' id='word_1_334' title='bbox 920 4393 955 4460; x_wconf 84' lang='grc' dir='ltr'><strong>Α;</strong></span> <span class='ocrx_word' id='word_1_335' title='bbox 982 4391 1118 4447; x_wconf 87' lang='lat' dir='ltr'><strong>adierunt</strong></span> <span class='ocrx_word' id='word_1_336' title='bbox 1144 4409 1188 4461; x_wconf 68' lang='lat' dir='ltr'><strong>up.</strong></span> <span class='ocrx_word' id='word_1_337' title='bbox 1209 4392 1275 4446; x_wconf 77' lang='lat' dir='ltr'><strong>iude</strong></span> <span class='ocrx_word' id='word_1_338' title='bbox 1296 4394 1330 4446; x_wconf 79' lang='lat' dir='ltr'><strong>ab</strong></span> 
     </span>
     <span class='ocr_line' id='line_1_39' title="bbox 173 4477 1331 4548; baseline -0.004 -15"><span class='ocrx_word' id='word_1_339' title='bbox 173 4479 305 4534; x_wconf 83' lang='lat' dir='ltr'><strong>Erormo.</strong></span> <span class='ocrx_word' id='word_1_340' title='bbox 408 4478 440 4532; x_wconf 80' lang='grc'><strong>17</strong></span> <span class='ocrx_word' id='word_1_341' title='bbox 457 4479 649 4547; x_wconf 82' lang='lat' dir='ltr'><strong>neglegenter</strong></span> <span class='ocrx_word' id='word_1_342' title='bbox 667 4479 708 4547; x_wconf 59' lang='lat' dir='ltr'><strong>lt</strong></span> <span class='ocrx_word' id='word_1_343' title='bbox 727 4479 800 4547; x_wconf 77' lang='lat' dir='ltr'><strong>quod</strong></span> <span class='ocrx_word' id='word_1_344' title='bbox 816 4479 853 4533; x_wconf 69' lang='grc' dir='ltr'><strong>ἐπ’</strong></span> <span class='ocrx_word' id='word_1_345' title='bbox 864 4477 1050 4548; x_wconf 84' lang='lat' dir='ltr'><strong>negljgenter</strong></span> <span class='ocrx_word' id='word_1_346' title='bbox 1066 4484 1174 4532; x_wconf 82' lang='lat' dir='ltr'><strong>mutare</strong></span> <span class='ocrx_word' id='word_1_347' title='bbox 1190 4479 1280 4532; x_wconf 76' lang='lat' dir='ltr'><strong>uoluit</strong></span> <span class='ocrx_word' id='word_1_348' title='bbox 1295 4493 1331 4531; x_wconf 84' lang='lat' dir='ltr'><strong>m.</strong></span> 
     </span>
     <span class='ocr_line' id='line_1_40' title="bbox 173 4561 1227 4633; baseline -0.001 -14"><span class='ocrx_word' id='word_1_349' title='bbox 173 4581 226 4620; x_wconf 82' lang='lat' dir='ltr'><strong>ree.</strong></span> <span class='ocrx_word' id='word_1_350' title='bbox 245 4564 333 4631; x_wconf 82' lang='lat' dir='ltr'><strong>(errat</strong></span> <span class='ocrx_word' id='word_1_351' title='bbox 350 4562 442 4632; x_wconf 75' lang='lat' dir='ltr'><strong>Koch)</strong></span> <span class='ocrx_word' id='word_1_352' title='bbox 554 4564 747 4620; x_wconf 87' lang='lat' dir='ltr'><strong>recedendum</strong></span> <span class='ocrx_word' id='word_1_353' title='bbox 766 4581 849 4620; x_wconf 81' lang='lat' dir='ltr'><strong>aean.</strong></span> <span class='ocrx_word' id='word_1_354' title='bbox 868 4561 890 4621; x_wconf 78' lang='lat' dir='ltr'><strong>l)</strong></span> <span class='ocrx_word' id='word_1_355' title='bbox 910 4571 934 4620; x_wconf 80' lang='lat' dir='ltr'><strong>et</strong></span> <span class='ocrx_word' id='word_1_356' title='bbox 951 4581 1010 4633; x_wconf 51' lang='lat' dir='ltr'><strong>uqa</strong></span> <span class='ocrx_word' id='word_1_357' title='bbox 1029 4561 1227 4618; x_wconf 64' lang='lat' dir='ltr'><strong>recidendus</strong></span> 
     </span>
    </p>

    <p class='ocr_par' dir='ltr' id='par_1_7' title="bbox 175 4645 1330 4815">
     <span class='ocr_line' id='line_1_41' title="bbox 175 4645 1330 4720; baseline 0 -16"><span class='ocrx_word' id='word_1_358' title='bbox 175 4651 209 4704; x_wconf 88' lang='lat'><strong>18</strong></span> <span class='ocrx_word' id='word_1_359' title='bbox 235 4648 403 4704; x_wconf 82' lang='lat' dir='ltr'><strong>dissimilliu</strong></span> <span class='ocrx_word' id='word_1_360' title='bbox 421 4649 450 4718; x_wconf 81' lang='grc' dir='ltr'><strong>Α,</strong></span> <span class='ocrx_word' id='word_1_361' title='bbox 477 4666 547 4706; x_wconf 81' lang='lat' dir='ltr'><strong>corr.</strong></span> <span class='ocrx_word' id='word_1_362' title='bbox 565 4667 609 4718; x_wconf 65' lang='lat' dir='ltr'><strong>up.</strong></span> <span class='ocrx_word' id='word_1_363' title='bbox 716 4648 888 4720; x_wconf 73' lang='lat' dir='ltr'><strong>cdpositad</strong></span> <span class='ocrx_word' id='word_1_364' title='bbox 991 4651 1025 4704; x_wconf 90' lang='grc'><strong>20</strong></span> <span class='ocrx_word' id='word_1_365' title='bbox 1052 4654 1122 4702; x_wconf 88' lang='lat' dir='ltr'><strong>eunt</strong></span> <span class='ocrx_word' id='word_1_366' title='bbox 1148 4665 1191 4718; x_wconf 71' lang='lat' dir='ltr'><strong>up.</strong></span> <span class='ocrx_word' id='word_1_367' title='bbox 1219 4649 1265 4716; x_wconf 77' lang='lat' dir='ltr'><strong>(ex</strong></span> <span class='ocrx_word' id='word_1_368' title='bbox 1283 4645 1330 4716; x_wconf 84' lang='lat' dir='ltr'><strong>D);</strong></span> 
     </span>
     <span class='ocr_line' id='line_1_42' title="bbox 175 4733 921 4815; baseline 0.003 -27"><span class='ocrx_word' id='word_1_369' title='bbox 175 4735 236 4790; x_wconf 87' lang='lat' dir='ltr'><strong>sint</strong></span> <span class='ocrx_word' id='word_1_370' title='bbox 253 4735 275 4793; x_wconf 85' lang='grc' dir='ltr'>Α</span> <span class='ocrx_word' id='word_1_371' title='bbox 378 4735 413 4790; x_wconf 88' lang='grc'><strong>22</strong></span> <span class='ocrx_word' id='word_1_372' title='bbox 430 4736 525 4792; x_wconf 86' lang='lat' dir='ltr'><strong>altera</strong></span> <span class='ocrx_word' id='word_1_373' title='bbox 542 4752 588 4804; x_wconf 70' lang='lat' dir='ltr'><strong>up.</strong></span> <span class='ocrx_word' id='word_1_374' title='bbox 606 4742 632 4791; x_wconf 79' lang='lat' dir='ltr'><strong>et</strong></span> <span class='ocrx_word' id='word_1_375' title='bbox 648 4751 721 4789; x_wconf 79' lang='lat' dir='ltr'><strong>unua</strong></span> <span class='ocrx_word' id='word_1_376' title='bbox 733 4733 775 4815; x_wconf 83' lang='lat' dir='ltr'><strong>D;</strong></span> <span class='ocrx_word' id='word_1_377' title='bbox 794 4733 881 4790; x_wconf 88' lang='lat' dir='ltr'><strong>alteri</strong></span> <span class='ocrx_word' id='word_1_378' title='bbox 899 4733 921 4790; x_wconf 78' lang='lat' dir='ltr'><strong>l</strong></span> 
     </span>
    </p>
   </div>
   <div class='ocr_carea' id='block_1_5' title="bbox 0 0 1605 5252">
    <p class='ocr_par' dir='ltr' id='par_1_8' title="bbox 0 0 1605 5252">
     <span class='ocr_line' id='line_1_43' title="bbox 0 0 1605 5252; baseline 0 0"><span class='ocrx_word' id='word_1_379' title='bbox 0 0 1605 5252; x_wconf 95' lang='lat' dir='ltr'><strong> </strong></span> 
     </span>
    </p>
   </div>
  </div>
 </body>
</html>
