3286 5244
305 331 348 396 48
558 357 586 396 n.
610 355 726 398 ausam
749 353 886 396 carucae
907 355 1107 398 nrauoaoavu
1130 357 1189 397 nm.
1214 355 1249 396 11.

305 519 370 585 hoc
402 520 514 607 ipsum
546 521 671 587 solacio
706 521 786 604 erit,
829 521 931 584 etiarn
964 520 993 584 si
1027 527 1143 585 nostra
1174 518 1322 586 facilitas
1354 520 1455 587 ultio·

304 652 383 696 nem
423 629 587 713 omiserit,
632 627 783 694 futurum
823 628 978 714 aliquem,
1018 630 1073 714 qui
1114 651 1241 716 poenes
1281 630 1396 715 exigat
1435 651 1452 695 a

304 761 450 826 procace
479 745 515 804 et
542 737 688 824 superbo
717 745 752 802 et
779 737 956 821 iniuriose,
991 760 1078 822 quae
1107 737 1192 802 uitia
1218 760 1391 822 nunquam
1417 738 1453 804 in

304 871 371 914 uno
393 847 532 914 homine
555 847 648 912 etin
669 868 738 911 uua
761 845 967 912 contumelia
989 853 1242 912 consumuntur.
1276 847 1453 932 Respicia·
1638 823 1639 916 l

303 979 378 1023 mus
412 979 528 1023 eorum
562 955 730 1042 exempla,
777 976 920 1040 quorum
951 953 1128 1020 laudamus
1161 954 1370 1041 patientiam,
1415 962 1485 1022 uta
1638 933 1639 944 i

304 1065 466 1149 Socratis,
500 1065 557 1150 qui
587 1064 838 1130 comoediarum
868 1063 1060 1148 publicatos
1088 1064 1123 1128 in
1151 1086 1187 1128 se
1218 1070 1251 1128 et
1279 1071 1452 1150 spectatos

304 1175 391 1240 sales
417 1173 454 1238 in
481 1178 613 1260 partem
641 1173 767 1238 bonam
789 1173 922 1259 accepit
943 1172 1084 1257 risitque
1105 1194 1176 1238 non
1198 1173 1318 1256 minua
1352 1195 1453 1257 quam

304 1305 381 1348 cum
420 1282 463 1348 ab
496 1304 601 1347 uxore
634 1280 835 1367 Xanthippe
868 1281 1030 1346 inmunda
1062 1304 1150 1366 aqua
1182 1277 1452 1367 perfimderetur.

303 1389 501 1456 Antistheni
533 1397 642 1455 mater
674 1390 819 1456 barbara
853 1397 887 1454 et
919 1388 1087 1456 Thraessa
1122 1389 1348 1472 obiciebatur;
1398 1412 1451 1470 re·

303 1499 443 1586 spondit
465 1505 500 1564 et
522 1499 662 1564 deorum
685 1505 827 1564 matrem
849 1497 985 1563 Idaeam
1009 1519 1094 1564 asse.
1466 1527 1498 1564 ιο

271 1612 285 1662 l
388 1607 488 1672 XIX.
533 1607 611 1676 Non
645 1614 698 1672 est
730 1608 766 1672 in
798 1607 903 1672 rixam
932 1606 1285 1690 conluctationemque
1313 1606 1451 1671 uenien-

304 1716 400 1798 dum;
433 1715 553 1802 procul
581 1715 757 1781 auferendi
784 1715 890 1802 pedes
918 1723 998 1780 sunt
1026 1722 1061 1780 et
1083 1713 1245 1800 quicquid
1258 1713 1385 1804 'horum
1407 1715 1451 1781 ab

302 1825 564 1911 inprudentibus
592 1823 653 1890 fiet
686 1824 772 1906 (fieri
800 1831 913 1889 autem
940 1823 1006 1888 nisi
1035 1824 1076 1889 ab
1099 1823 1360 1909 inprudentibus
1382 1846 1453 1891 non

303 1937 430 2020 potest)
459 1933 709 2020 neglegendum
739 1939 773 1998 et
800 1932 947 1998 honores
969 1931 1178 2016 iniuriaeque
1202 1931 1295 2017 uulgi
1316 1931 1351 1996 in
1373 1953 1451 2018 pro-

269 2043 430 2109 2misouo
453 2041 642 2108 habendae.
670 2042 742 2106 Neo
764 2041 817 2107 his
839 2040 1108 2128 dolendum'nec
1129 2039 1195 2104 illis
1218 2026 1451 2126 gaudendum:
1466 2071 1494 2107 ia

305 2150 431 2236 alioqui
457 2151 563 2216 multa
591 2151 721 2238 timore¹
742 2149 1021 2216 contumelianun
1044 2156 1102 2214 aut
1124 2149 1237 2214 taedio
1261 2151 1454 2218 necessaria

305 2259 498 2324 omittemus
520 2259 732 2345 publicisque
756 2267 791 2323 et
813 2258 955 2345 priuatis
978 2256 1109 2340 officiis,
1145 2257 1325 2342 aliquando
1350 2260 1454 2324 etiam

303 2367 507 2433 salutaribus
529 2389 600 2433 nou
622 2389 847 2451 occurremus
870 2367 951 2432 dum
972 2365 1146 2431 muliebris
1168 2388 1231 2432 noa
1255 2389 1335 2432 cura
1357 2369 1454 2453 angit

304 2476 431 2562 aliquid
453 2483 572 2542 contra
594 2475 742 2541 animum
765 2475 933 2541 audiendi.
988 2474 1180 2560 Aliquando
1205 2475 1306 2542 etiam
1329 2476 1453 2543 obirati

303 2584 499 2670 potentibus
533 2585 731 2670 detegemus
764 2583 855 2649 huno
889 2583 1049 2650 affectum
1081 2584 1321 2669 intemperanti
1348 2584 1451 2650 liber·
1466 2613 1494 2650 ιο

303 2700 383 2758 tate.
438 2693 517 2758 Non
539 2699 593 2758 est
615 2699 728 2757 autem
749 2693 889 2758 libertas
911 2691 996 2757 nihil
1018 2691 1104 2778 pati;
1128 2689 1289 2775 fallimur;
1311 2691 1453 2759 libertas

304 2809 357 2867 est
379 2802 527 2867 animum
550 2823 780 2887 superponere
802 2801 931 2867 iniuriis
955 2807 990 2866 et
1013 2823 1090 2866 eum
1111 2798 1226 2866 facere
1249 2823 1296 2884 se,
1320 2824 1361 2866 ex
1384 2823 1452 2887 quo

303 2911 375 2976 solo
404 2911 469 2975 sibi
497 2909 678 2997 gaudenda
706 2910 860 2994 ueniant,
896 2887 1063 2974 eriten'ora
1092 2909 1252 2974 diducere
1280 2933 1301 2974 a
1327 2931 1374 2994 se,
1407 2932 1453 2976 ne

302 3019 454 3104 inquieta
487 3018 620 3104 agenda
653 3019 697 3083 sit
732 3019 804 3084 uita
833 3019 981 3085 omnium
1007 3017 1109 3100 riano,
1143 3017 1292 3082 onmium
1318 3018 1452 3104 linguas

302 3126 444 3193 timenti.
511 3127 594 3204 Quis
635 3127 725 3192 enim
764 3134 832 3212 est,
876 3127 933 3213 qui
967 3148 1036 3192 non
1070 3127 1178 3211 possit
1211 3127 1452 3192 contumeliam
1466 3161 1492 3199 2⁵

267 3233 431 3314 efacere,
475 3235 503 3299 si
543 3236 720 3321 quisquam
759 3238 896 3322 potest?
961 3237 1105 3301 Diuerso
1147 3241 1261 3300 autem
1299 3235 1450 3301 remedio

301 3351 417 3408 utetur
444 3343 578 3429 sapiens
607 3343 851 3429 affectatorque
879 3344 1076 3430 sapientiae.
1128 3342 1332 3430 Imperfectis
1362 3341 1451 3409 enim

183 3447 186 3454 ’
304 3459 339 3517 et
366 3451 477 3518 adhuc
506 3450 550 3517 ad
577 3452 750 3538 publicum
778 3476 815 3518 se
842 3452 1005 3518 iudicium
1026 3452 1257 3538 derigentibus
1283 3452 1349 3518 hoc
1373 3475 1450 3540 pro-

303 3561 498 3647 ponendum
528 3567 581 3626 est
607 3562 697 3627 inter
724 3561 862 3627 iniurias
890 3561 983 3646 ipsos
1013 3561 1303 3645 contumeliaeque
1325 3560 1451 3626 debere

301 3671 444 3736 uersari:
503 3670 615 3735 omnia
656 3670 785 3736 leuiora
829 3669 986 3735 accident
1031 3669 1297 3755 expectantibus.
1375 3669 1450 3747 Quo
1465 3707 1492 3746 ω

302 3779 442 3864 quisque
470 3777 646 3844 honestior
672 3802 812 3864 genere,
845 3777 951 3862 fama,
984 3777 1188 3863 patrimonio
1218 3785 1285 3861 est,
1319 3775 1385 3843 hoc
1413 3800 1450 3843 se
1517 3827 1521 3838 .

300 4128 318 4181 4
344 4087 514 4183 coutumeli⁸
528 4127 608 4195 (corr.
627 4129 692 4194 fort
718 4146 753 4184 m.
772 4130 797 4194 1)
825 4125 846 4186 l
949 4127 966 4182 6
993 4132 1123 4182 socrates
1150 4125 1179 4194 l,
1206 4143 1275 4182 corr.
1301 4143 1346 4196 aq.

301 4212 491 4319 comediuul
594 4219 624 4269 et
642 4221 789 4284 spectatos
807 4230 863 4282 affl
882 4211 1091 4282 expectatosl
1178 4210 1365 4283 laccqpith

300 4331 622 4400 9ethraeesa1l(oorr.
641 4352 675 4388 m.
695 4336 726 4401 2)
826 4335 858 4387 10
876 4331 997 4398 id2eam
1016 4319 1050 4387 ee
1067 4333 1146 4388 A'·²
1272 4333 1303 4386 ll
1321 4332 1449 4387 adlucta-

301 4417 480 4488 tionemq;l
586 4419 617 4473 14
642 4417 856 4489 impmisouoh
959 4416 994 4471 23
1018 4416 1155 4472 diducere
1172 4417 1274 4485 scripsi
1293 4417 1371 4472 stau.
1388 4418 1449 4474 orit.

300 4502 318 4557 l.
338 4503 367 4570 l.;
394 4503 577 4561 deducererl
678 4506 713 4559 28
739 4501 938 4570 derigentibus
964 4502 1079 4570 auripai;
1107 4502 1301 4572 dirigentibus
1325 4501 1346 4559 Α

303 4587 336 4641 31
355 4589 484 4644 onaatior
500 4589 531 4654 A,
551 4605 619 4644 corr.
638 4605 681 4658 oy.
