3222 5246
286 315 329 380 60
509 341 538 381 n.
561 340 680 382 susam
701 339 839 382 sancus
861 341 1063 384 nmnoooavu
1084 343 1145 383 nra.
1169 343 1216 386 111.

287 506 377 571 enim
409 505 578 592 sepositus
607 511 660 570 est
688 504 819 570 animus
848 511 883 570 et
913 505 1121 572 extrinsecus
1151 507 1347 592 speculatur
1377 507 1436 573 ad-

286 613 406 698 fectus,
429 623 469 680 ut
489 614 567 680 illos
590 636 660 678 non
682 613 832 700 patiatur
853 615 943 680 ultra
966 637 1068 700 quam
1091 622 1230 702 oporleb
1240 615 1437 702 procedere,

286 722 410 788 sedin
438 721 611 790 adfectum
637 723 711 809 ipse
738 729 891 789 mutatur
918 723 1066 808 ideoque
1088 746 1157 790 non
1179 729 1296 811 potest
1316 724 1438 790 utilem

285 831 379 928 illam
420 833 492 898 uim
536 839 571 897 et
615 832 799 898 salutarem
842 830 1013 920 proditam
1055 832 1123 898 iam
1166 832 1437 919 infirmatamque

251 955 456 1009 Breuooare.
511 941 589 1006 Non
617 940 721 1026 enim,
754 947 794 1006 ui
822 940 900 1024 dixi,
934 947 1108 1027 separatas
1137 941 1203 1007 isba
1230 943 1330 1008 sedes
1359 965 1465 1012 suasu

180 1071 182 1076 ·
285 1051 510 1135 diductasque
553 1047 692 1134 habent,
737 1051 799 1116 sed
842 1050 986 1116 affectus
1031 1055 1066 1114 eb
1109 1051 1196 1116 ratio
1241 1051 1275 1118 in
1316 1051 1436 1118 melius

284 1149 449 1246 peiusilue
472 1159 615 1224 mulatio
639 1159 742 1224 animi
765 1167 831 1243 esb5
861 1157 1032 1245 quomodo
1057 1180 1138 1244 ergo
1160 1160 1247 1226 rcbio
1271 1165 1438 1247 occupabo

285 1273 321 1332 eb
343 1289 506 1353 oppressa
528 1268 620 1334 uitiis
642 1274 808 1353 resurget,
838 1289 926 1353 quae
949 1267 1019 1334 irae
1043 1268 1168 1334 cessio?
1191 1275 1252 1334 aut
1275 1268 1436 1354 quemad-

284 1375 424 1442 modum
452 1399 493 1442 ex
521 1375 720 1443 confusione
748 1397 786 1440 se
813 1376 983 1460 liberabit,
1016 1376 1052 1440 in
1079 1398 1147 1462 qua
1176 1378 1331 1464 peiorum
1353 1377 1436 1444 mix·

250 1491 362 1557 utura
394 1485 609 1571 praeualuil?
666 1484 755 1570 „Sed
788 1483 944 1571 quidam“
979 1485 1091 1570 inquil
1126 1487 1181 1571 „in
1212 1485 1263 1552 ira
1290 1509 1327 1551 se
1356 1508 1477 1562 con-10

285 1593 426 1659 linenl.“
472 1595 596 1662 Utrum
618 1617 699 1680 ergo
722 1593 780 1679 iba,
809 1601 848 1660 ut
869 1593 953 1660 nibil
975 1592 1103 1660 faciant
1126 1616 1252 1680 eorum,
1276 1617 1365 1681 quae
1387 1595 1437 1662 ira

285 1702 401 1787 moui,
434 1726 479 1769 an
501 1711 540 1770 ut
561 1703 714 1789 aliquid?
766 1701 803 1767 Si
824 1701 909 1768 nihil
930 1699 1071 1788 faciunt,
1105 1711 1248 1790 apparel
1269 1726 1339 1770 non
1362 1727 1437 1772 esse

285 1811 328 1876 ad
361 1813 513 1878 actiones
546 1835 659 1878 rerum
691 1811 917 1876 necessariam
949 1811 1044 1896 iram,
1089 1835 1191 1897 quam
1223 1835 1296 1896 uos,
1339 1815 1438 1899 quasi

249 1921 406 1988 bforlius
429 1921 557 2007 aliquid
577 1921 710 1986 ratione
733 1919 886 2004 haberet,
920 1919 1158 2005 aduocabalis;
1195 1945 1213 1982 e
1238 1922 1436 2008 *Denique

130 2040 180 2097 fol.
200 2043 233 2097 14
244 2053 262 2080 ¹·
284 2029 484 2116 interibogo:
527 2029 696 2095 ualentior
729 2035 782 2094 esi
814 2049 916 2113 quam
947 2029 1035 2094 racio
1068 2051 1113 2094 an
1145 2027 1334 2095 infirmior?
1400 2029 1436 2096 Si
1451 2065 1476 2102 u

284 2139 468 2222 ualentior,
513 2137 682 2224 quomodo
717 2137 767 2202 illi
799 2136 938 2202 modum
970 2138 1057 2203 relic
1091 2138 1218 2224 polerit
1250 2138 1435 2225 imponere,

285 2271 363 2314 cum
390 2270 510 2335 parere
532 2247 598 2312 nisi
619 2246 840 2312 imbecilliora
861 2267 932 2313 uon
954 2246 1108 2312 soleant?
1138 2246 1167 2311 si
1188 2245 1352 2314 infirmior
1374 2255 1436 2332 est,

284 2358 357 2422 sine
385 2356 449 2422 hac
482 2379 544 2444 per
576 2378 612 2420 se
647 2355 690 2421 ad
723 2377 836 2421 rerum
866 2354 1007 2420 effecius
1030 2353 1158 2420 sufficit
1179 2356 1266 2422 ratio
1287 2379 1353 2422 nec
1377 2356 1435 2423 de·

250 2466 412 2534 6siderat
439 2465 659 2530 inbecillioris
687 2465 858 2530 auxilium.
916 2463 984 2549 „Ac
1010 2464 1087 2530 irati
1118 2463 1256 2550 quidam
1278 2471 1437 2532 consum

284 2575 350 2640 sibi
372 2581 407 2640 ei
428 2597 465 2640 se
488 2573 694 2640 contineni.“
740 2573 909 2651 Quando?
943 2595 1020 2638 oum
1041 2573 1109 2638 iam
1130 2574 1181 2638 ira
1203 2574 1378 2641 euanescit
1400 2581 1476 2648 ab„

284 2705 346 2749 sua
378 2689 502 2770 sponte
535 2682 680 2768 decedit,
713 2703 784 2748 non
817 2703 894 2748 cum
926 2682 1063 2768 inipso
1092 2681 1227 2748 feruore
1257 2688 1318 2768 est,
1353 2689 1436 2748 luno

250 2793 375 2860 renim
407 2793 581 2879 potentior
613 2799 674 2857 esi.
732 2790 843 2876 „Quid
876 2793 981 2877 ergo?
1013 2813 1083 2856 non
1111 2789 1293 2877 aliquando
1322 2791 1358 2856 in
1385 2791 1436 2856 ira

284 2923 421 2986 quoque
444 2907 480 2966 et
502 2901 678 2966 dimittuni
699 2899 886 2965 incolumes
907 2899 1134 2985 intactosque,
1169 2921 1254 2984 quos
1278 2898 1434 2983 oderunt,

285 3017 321 3075 ec
352 3032 374 3075 e
405 3009 561 3076 nocendo
595 3006 809 3075 abstinent?“
877 3008 1038 3074 Faciunt:
1073 3006 1233 3094 quando?
1267 3030 1343 3074 oum
1376 3006 1434 3074 ad-

284 3118 395 3184 feclus
428 3118 634 3204 repercussio
666 3116 840 3183 adfectum
873 3123 908 3182 ol
942 3123 1001 3183 aut
1032 3125 1144 3183 metus
1178 3125 1238 3182 aut
1266 3117 1434 3204 cupiditas
1448 3152 1475 3190 2⁵

284 3227 412 3312 aliquid
444 3227 650 3314 impetrauit,
705 3225 783 3290 Non
814 3225 956 3290 rationis
989 3233 1072 3292 lunc
1098 3225 1266 3292 beneficio
1295 3226 1435 3311 quieuit,

284 3335 346 3401 sed
368 3335 552 3402 affectuum
573 3333 680 3400 infida
703 3340 738 3398 el
759 3333 849 3398 mala
870 3357 964 3420 pace.

252 3461 266 3512 1
369 3443 433 3510 IX.
478 3442 611 3509 Deinde
634 3441 717 3507 nibil
739 3441 845 3507 habel
866 3443 903 3507 in
924 3465 961 3508 se
984 3443 1069 3508 utile
1091 3465 1155 3509 nec
1177 3441 1435 3508 semianimum

285 3553 328 3618 ad
360 3574 415 3618 res
446 3551 596 3618 bellicas.
652 3551 845 3636 Numquam
873 3551 964 3616 enim
991 3551 1100 3616 uirbus
1129 3551 1213 3616 uilio
1241 3548 1436 3616 adiuuanda

284 3670 338 3728 est
364 3683 401 3726 se
430 3667 607 3744 conicum
642 3659 799 3745 quotiens
820 3660 952 3747 impetu
974 3681 1059 3748 opus
1083 3666 1144 3744 est,
1177 3681 1248 3725 non
1269 3659 1434 3742 irascitur,
1448 3697 1475 3734 ,ο

284 3768 345 3834 sed
367 3769 519 3855 exsurgit
541 3775 586 3854 ei,
613 3769 652 3835 in
673 3776 839 3854 quantum
860 3769 996 3854 puicuit
1018 3789 1103 3853 opus
1128 3789 1213 3852 esse,
1244 3767 1436 3833 conoicalur

283 3878 553 3963 remibtilurque,
596 3899 667 3944 non
707 3877 806 3942 aliter
844 3899 947 3962 quam
985 3897 1072 3962 quae
1111 3876 1290 3942 tormentis
1324 3875 1434 3963 expri-

283 3993 421 4052 muntur
459 3985 530 4052 tela
568 3987 604 4051 in
643 3991 817 4073 potestate
857 3985 1024 4051 milteulis
1057 3991 1156 4068 sunl,
1200 3985 1236 4050 in
1269 3991 1435 4070 quantum

283 4194 301 4247 8
326 4191 472 4262 oppssab
574 4192 592 4244 9
618 4209 649 4246 se
667 4190 806 4245 liberabit
825 4208 867 4260 aq.
886 4191 932 4258 (ec
949 4188 1015 4258 θὴς
1034 4189 1245 4247 selibemuitl
1351 4189 1383 4244 12
1408 4188 1434 4244 si

284 4277 358 4334 nihil
376 4277 490 4334 faciunt
507 4277 543 4346 A?
561 4277 587 4331 si
604 4276 678 4332 nihil
696 4273 715 4334 L
813 4278 844 4330 14
862 4277 978 4332 lacunae
995 4278 1103 4346 siquam
1118 4276 1213 4345 posuit
1232 4277 1342 4343 Haase-
1361 4275 1436 4330 deest
1479 4323 1483 4334 .

283 4365 401 4419 alterum
430 4365 612 4419 conclusionis
642 4363 799 4416 membmm:
835 4361 860 4416 si
893 4361 1003 4433 aliquid
1034 4361 1148 4417 faciunt
1175 4369 1202 4417 et
1226 4363 1332 4430 reliquo

286 4500 318 4553 16
334 4500 494 4569 ῐροοοτοΑ
582 4500 612 4553 17
635 4497 836 4554 lbeoilliorad
920 4499 955 4552 25
978 4445 1112 4568 adfectus
1130 4506 1157 4554 et
1173 4444 1291 4568 adiectu
1310 4496 1345 4554 Αἱ

284 4584 319 4640 32
336 4584 528 4654 remittiturq3
546 4584 568 4641 Α
586 4581 614 4650 L,
633 4585 704 4654 qaod
720 4591 789 4640 recle
807 4589 903 4639 contra
919 4597 961 4638 me
978 4584 1128 4652 defenduat
1144 4583 1224 4640 Koria
1241 4591 1267 4639 ct
1284 4583 1344 4640 alii.
