3286 5244
475 389 515 428 un
535 387 724 432 oousrururm
746 390 903 432 suerrus-rus
924 391 1044 431 x-xu.
1293 365 1335 430 39

182 552 348 640 argutias:
384 562 512 640 quante
541 563 654 622 eutem
682 554 854 622 dementis
883 563 936 620 est
964 553 1072 620 isdem
1093 554 1194 620 modo
1218 555 1330 620 deleo·

181 661 257 746 tari,
290 663 393 729 modo
423 663 558 748 offendi,
593 672 629 730 et
656 687 728 730 rem
756 666 798 731 eb
828 665 937 732 emico
966 664 1093 731 dietam
1114 663 1333 730 maledictum

181 793 315 856 uocare,
339 794 360 837 e
381 773 516 839 seroulo
539 773 688 840 ioculare
712 775 918 842 conuicium!

265 880 350 946 XII.
397 881 504 959 Quem
539 882 686 950 animum
718 906 781 950 nos
815 884 977 950 aduersus
1006 903 1130 969 pueros
1159 880 1369 964 habemus‚1

151 988 271 1056 shuno
294 990 432 1076 sapiens
455 989 617 1057 aduersus
640 1013 767 1078 omnes,
791 993 913 1079 quibus
937 991 1039 1058 etiam
1061 996 1139 1077 post
1159 989 1335 1058 iuuentem

182 1121 356 1184 conosque
389 1099 563 1186 puerilitas
598 1107 660 1168 est.
715 1101 771 1166 An
804 1102 985 1188 quiequam
1017 1100 1075 1166 isti
1107 1097 1335 1186 profecerunt,

182 1208 305 1294 quibus
351 1211 516 1292 (piaeerilis)
561 1210 663 1276 enimi
703 1209 793 1276 mala
833 1217 913 1276 sunt
953 1209 1112 1296 suetique
1151 1209 1188 1274 in
1227 1208 1334 1274 maius

183 1339 324 1402 errores,
359 1318 417 1404 qui
445 1341 464 1382 o
492 1319 605 1405 pueris
633 1319 868 1406 magnitudine
895 1327 1029 1385 tontum
1056 1317 1232 1404 fermeque
1262 1339 1334 1384 oor-

183 1449 306 1513 porum
344 1425 519 1512 differunt,
565 1435 716 1494 osterum
753 1452 825 1495 non
861 1429 972 1494 minus
1011 1429 1091 1514 uagi
1129 1425 1334 1511 incertique,

140 1557 167 1594 ιο
183 1535 411 1621 uoluptatium
453 1535 527 1602 sine
571 1537 700 1603 dilectu
744 1538 962 1624 adpetentes,
1018 1535 1144 1623 trepidi
1188 1541 1223 1600 et
1265 1556 1336 1600 non

181 1643 323 1731 ingenio
352 1645 413 1710 sed
441 1643 622 1712 formidine
653 1646 782 1733 quieti?
836 1647 914 1713 Non
941 1645 1019 1712 ideo
1044 1644 1224 1731 quioquem
1245 1642 1370 1710 intert

184 1753 260 1820 illos
288 1777 481 1841 puerosque
510 1755 675 1822 interesse
704 1757 779 1842 quis
807 1755 939 1838 dixerit,
974 1753 1066 1839 quod
1093 1753 1159 1820 illis
1188 1753 1335 1819 talorum

183 1885 352 1930 nucumue
382 1870 417 1929 et
447 1863 534 1930 aeris
556 1864 678 1930 minuti
700 1864 845 1931 auaritia
867 1871 928 1948 est,
961 1863 1015 1928 his
1039 1862 1111 1929 euni
1134 1861 1335 1947 argentique

186 1979 220 2038 et
251 1971 402 2056 urbium,
436 1972 529 2058 quod
561 1973 611 2039 illi
642 1973 734 2038 inter
764 1973 857 2060 ipsos
890 1973 1109 2059 magistratus
1142 1977 1267 2057 gerrmt
1300 1977 1336 2036 et

143 2101 170 2140 rs
184 2087 398 2166 praetextam
425 2081 603 2169 fascesque
633 2106 672 2149 eo
701 2083 850 2149 tribunal
878 2081 1063 2165 imitentur,
1097 2079 1278 2146 hiesdem
1298 2079 1335 2142 in

185 2211 305 2276 eampo
333 2189 476 2277 foroque
507 2199 542 2258 et
568 2192 605 2258 in
633 2193 726 2259 ouria
753 2193 841 2258 serio
869 2191 1006 2274 ludunt,
1038 2189 1088 2254 illi
1115 2189 1152 2254 in
1178 2187 1334 2284 litoribus

184 2296 333 2365 harenae
379 2308 547 2388 congestu
590 2301 770 2368 simulacre
814 2300 974 2367 domuum
1013 2299 1178 2382 excitant,
1221 2295 1258 2360 hi
1296 2303 1336 2362 ut

185 2429 346 2495 megnum
386 2410 514 2497 aliquid
553 2418 694 2498 agentes
733 2412 768 2477 in
801 2409 971 2498 lapidibus
1005 2430 1045 2474 ao
1078 2405 1266 2493 parietibus
1301 2411 1337 2472 et

186 2517 287 2583 tectis
325 2518 507 2586 moliendis
546 2520 704 2608 occupati
742 2519 871 2586 tutelee
911 2539 1090 2605 corporum
1127 2515 1268 2582 inuenta
1299 2514 1337 2580 in

147 2626 373 2713 opericulum
405 2637 590 2696 uerterunt.
656 2629 749 2715 Ergo
782 2651 845 2716 par
876 2627 990 2714 pueris
1021 2625 1225 2712 longiusque
1258 2644 1336 2710 pro·

185 2736 328 2822 gressis,
361 2737 423 2802 sed
451 2737 487 2804 in
517 2737 583 2804 elie
609 2738 805 2824 maioreque
834 2759 928 2802 error
955 2743 1017 2801 est.
1068 2733 1151 2814 ,Non
1178 2731 1371 2798 inmeritos

186 2843 302 2930 itaque
334 2843 455 2912 horum
489 2846 710 2912 contumelias
743 2846 879 2933 sepiens
913 2852 951 2911 ut
983 2843 1077 2909 iooos
1111 2841 1245 2928 eooipit.
1289 2839 1337 2905 Et

187 3053 416 3062 —

189 3197 203 3248 1
228 3193 343 3250 hisdem
367 3196 391 3252 A
498 3197 516 3250 3
541 3195 669 3252 ioculare
697 3194 861 3250 oonuioium
886 3211 945 3264 ης
980 3186 1290 3259 ἰοοῶαὼσοηιιὶοἱιιω
1315 3187 1338 3244 A

187 3279 268 3348 (eros.
285 3280 344 3336 oid.
362 3299 378 3336 e
396 3297 457 3337 nom
475 3301 491 3338 o
508 3281 634 3352 rouen)
737 3283 755 3336 5
772 3286 853 3338 omes
873 3281 895 3338 A
913 3281 1032 3348 (oasam
1049 3284 1091 3332 cot
1103 3281 1243 3345 worm,
1261 3279 1293 3328 ot
1309 3289 1336 3327 o·

187 3370 204 3422 6
218 3374 284 3436 post
299 3366 495 3437 profecerunt,
512 3371 566 3424 o.8
580 3375 646 3438 post
662 3386 785 3436 errores,
804 3369 880 3422 o.12
893 3373 958 3437 post
971 3365 1049 3420 inter
1062 3363 1126 3420 etse
1140 3368 1167 3417 et
1178 3359 1339 3429 saepissime

189 3454 266 3522 αὶῶίς
294 3455 368 3522 qood
387 3453 417 3508 in
440 3455 490 3510 Aoo
508 3455 616 3524 quiden
633 3455 750 3524 diolopo
778 3453 826 3508 eoi
842 3453 914 3508 nito
929 3451 1009 3507 oliod
1026 3464 1142 3504 rasoroe
1159 3446 1258 3512 modest,
1283 3461 1339 3499 oon

188 3539 306 3608 amplios
330 3541 430 3594 mooe
457 3539 596 3595 diuersam
622 3559 640 3596 o
662 3541 768 3597 Kortio
793 3541 930 3596 rationem
956 3551 1081 3606 sepiens,
1109 3535 1156 3602 qui
1181 3530 1338 3587 ooioenooi

188 3643 307 3682 roseros
320 3627 486 3695 pemque,
513 3643 567 3680 oon
586 3633 676 3681 meo
693 3642 804 3694 semper,
831 3623 954 3690 notato)
1057 3621 1072 3675 7
1099 3617 1222 3689 puerilis
1240 3615 1338 3672 addidi

190 3779 265 3836 Strui.
285 3783 343 3836 ott.
360 3797 388 3850 p.
408 3783 442 3834 65
545 3782 563 3835 8
589 3781 637 3850 qla
655 3740 748 3850 pueri¹
764 3782 845 3846 (oon.
862 3777 927 3844 sort.
945 3794 979 3832 m.
999 3773 1025 3842 1)
1053 3776 1074 3830 A
1179 3771 1211 3826 13
1237 3717 1339 3826 suarii

189 3871 268 3926 terr.
286 3883 319 3921 m.
338 3869 370 3934 2)
396 3865 417 3923 A
540 3868 571 3921 14
589 3863 841 3935 magistratuiisA
962 3863 995 3916 15
1012 3855 1219 3930 pretextamA

192 3955 221 4010 11
238 3953 395 4009 simulacra
411 3969 470 4021 rso-3
489 3951 629 4008 simulans
646 3954 668 4008 A
685 3957 769 4010 toros.
783 3958 816 4006 ot
828 3951 884 4006 oid.
900 3967 941 4014 ra,
960 3947 1031 4017 quod
1042 3963 1076 4000 m.
1087 3945 1133 4000 Is.
1143 3961 1169 3998 o
1181 3939 1339 4005 addiderat

379 4067 393 4094 n

290 4108 401 4166 excitat
417 4107 455 4164 A²
560 4107 594 4162 18
619 4106 698 4176 aliqd
724 4092 864 4176 degentes
891 4103 920 4170 A,
947 4117 1017 4158 corr.
1034 4117 1079 4170 op.
1182 4092 1338 4164 inlepidib;

189 4213 223 4252 oo
248 4195 388 4266 parietib3
414 4193 444 4260 A,
471 4193 544 4262 qood
568 4209 661 4248 iseram
688 4207 747 4247 esee
765 4189 903 4245 &mouere
930 4195 957 4244 et
975 4187 1077 4242 lliorot
1102 4183 1171 4238 milui
1194 4195 1250 4235 oon
1274 4195 1337 4247 per·
1366 4209 1369 4216 ·

188 4287 344 4348 mosmos,
371 4279 496 4348 mmsis
519 4279 579 4333 iore
601 4279 794 4334 correctionem
817 4292 903 4331 mom
920 4273 996 4328 seno.
1016 4269 1104 4327 criel
1131 4269 1146 4324 t
1167 4266 1340 4336 propositam

188 4367 389 4436 mpoprmrion
423 4380 497 4419 nono
528 4363 698 4418 reoeoon
731 4362 824 4418 eredo:
858 4361 889 4416 in
919 4357 1042 4429 lapideis
1074 4352 1236 4423 parietibus

188 4453 221 4506 21
250 4450 302 4506 sed
328 4449 359 4504 in
385 4448 444 4504 alia
462 4447 497 4516 A;
524 4447 575 4502 sed
601 4447 647 4501 his
674 4448 703 4502 in
731 4446 789 4501 elie
813 4443 971 4511 Wesenberp
994 4450 1019 4496 et
1042 4435 1081 4494 W.
1101 4437 1209 4493 Gemoll
1232 4437 1338 4505 (propr.

190 4535 285 4592 Olotoo
303 4537 390 4602 1877),
417 4535 481 4600 fort
499 4541 576 4601 recte,
598 4549 762 4601 qroomqoom
778 4531 824 4586 Aio
840 4545 944 4598 quoque
960 4526 1062 4582 Seneca
1079 4523 1139 4590 ipse
1155 4523 1340 4591 nequamus

190 4621 306 4678 seribere
319 4621 418 4691 potuit
522 4619 657 4675 inmerito
676 4617 697 4675 A
716 4618 783 4685 (oon
801 4614 959 4676 immerito)
