3182 5252
186 1331 189 1340 ‚
488 1245 520 1320 L.
543 1243 706 1318 ANNAEI
729 1241 910 1318 SENECAE

291 1403 758 1502 DIALOGORVM
798 1404 1007 1487 LIBER
1045 1405 1097 1486 X.

559 1607 613 1660 AD
635 1603 842 1661 PAVLINVM

527 1725 567 1781 ll!
586 1725 885 1783 aestuantius.

211 2023 238 2090 Ι.
256 2019 265 2108 ΙΙ
283 1975 431 2088 Maior
457 2043 536 2109 pars
565 2021 766 2104 mortalium,
795 2018 947 2103 Pauline,
977 2017 1020 2083 de
1041 2023 1183 2086 naturae
1206 2041 1275 2085 ma·
1296 2035 1311 2088 1

133 2133 285 2221 lignitate
319 2134 547 2220 conqueritur,
593 2133 685 2218 quod
717 2133 753 2198 in
787 2133 946 2218 exiguum
980 2131 1055 2198 aeui
1089 2131 1275 2220 gignamur,
1293 2118 1343 2175 f⁰l
1360 2119 1416 2174 ⁶9*

134 2243 219 2327 quod
246 2243 333 2309 haeo
360 2249 432 2310 tam
459 2241 632 2326 uelociter,
666 2247 737 2307 tam
758 2239 876 2327 rapide
900 2240 971 2307 dati
992 2240 1092 2307 nobis
1114 2243 1276 2329 temporis

134 2353 240 2438 spatia
262 2353 453 2436 decurrant,
477 2350 562 2418 adeo
585 2357 624 2416 ut
642 2349 793 2438 exceptis
812 2347 993 2416 admodum
1009 2350 1126 2438 paucis
1144 2357 1277 2418 ceteros

110 2460 166 2531 sin
191 2462 266 2547 ipso
294 2461 387 2526 uitae
415 2467 581 2548 apparatu
608 2460 681 2525 uita
708 2459 881 2525 destituat.
926 2459 997 2525 Neo
1025 2459 1103 2524 huie
1131 2459 1313 2547 publicus

135 2576 170 2634 ut
198 2570 389 2656 opinantur,
420 2568 509 2635 malo
531 2569 632 2635 turba
654 2575 788 2635 tantum
811 2575 845 2633 et
866 2567 1062 2654 imprudens
1083 2569 1205 2654 uolgus
1227 2569 1277 2634 in-

134 2678 276 2763 gemuit,
310 2677 478 2744 clarorum
511 2699 644 2764 quoque
678 2677 826 2744 uirorum
855 2675 912 2742 hio
943 2677 1083 2742 affectus
1111 2677 1279 2762 querellas

136 2787 300 2853 euocauit.
360 2786 446 2852 Inde
479 2785 538 2852 illa
569 2786 706 2852 memmi
738 2784 947 2852 medicorum
981 2786 1180 2851 exclamatio
1213 2793 1280 2851 est:

136 2893 250 2961 ‘uitam
276 2895 418 2961 breuem
441 2917 525 2979 esse,
558 2895 697 2981 longam
719 2894 851 2977 artem';
885 2893 965 2958 inde
988 2893 1182 2960 Aristotelis
1206 2917 1282 2960 oum

101 3025 246 3078 ,orarum
278 3008 400 3070 natura
434 3002 601 3090 exigentis
629 3003 767 3069 minime
796 3001 1003 3068 conueniens
1034 3003 1180 3088 sapienti
1207 3002 1281 3068 uiro

134 3110 190 3178 lis:
226 3111 358 3178 ‘aetatis
387 3113 479 3178 illam
509 3111 711 3176 animalibus
738 3117 871 3176 tantum
893 3109 1085 3196 indulsisse,
1119 3117 1157 3176 nt
1180 3111 1283 3196 quina

136 3229 194 3286 aut
234 3220 323 3288 dena
362 3219 496 3287 saecula
530 3220 730 3304 educerent,
773 3217 902 3285 homini
934 3217 970 3284 in
1002 3225 1072 3285 tam
1103 3219 1211 3286 multa
1244 3242 1283 3286 ao

139 3565 152 3618 1
171 3563 330 3620 denstmae
348 3565 392 3632 li¹3
411 3563 570 3632 limaturae
588 3563 621 3621 l*
681 3565 698 3619 2
716 3563 869 3634 gignsw
886 3563 986 3633 Pauly,
1004 3565 1036 3618 Ζ.
1053 3566 1075 3631 f,
1093 3563 1165 3620 Oest.
1185 3565 1284 3636 Gyma.

138 3650 205 3704 1876
224 3665 252 3718 p.
269 3650 335 3718 813;
362 3648 509 3718 gignimur
531 3650 554 3708 Α
581 3653 643 3719 ipsso
666 3656 776 3704 semoto
798 3665 846 3718 epo
863 3666 891 3704 u.
908 3651 927 3703 4
945 3649 1104 3706 deournmt
1122 3652 1285 3719 saepserant

137 3733 213 3789 Stad-
232 3737 292 3789 erit.
306 3752 336 3804 p.
355 3734 429 3801 146.)
531 3737 548 3790 4
567 3743 680 3808 eeteros
697 3733 719 3791 l
821 3734 974 3805 tpublioo
998 3733 1028 3799 (b
1046 3751 1114 3790 corr.
1132 3753 1166 3790 ss
1183 3753 1202 3806 p
1219 3737 1284 3802 fort

136 3836 170 3874 m.
189 3820 218 3886 1)
236 3819 258 3876 Α
361 3821 378 3875 6
396 3820 565 3891 imprudens
583 3837 666 3876 aona.
685 3817 706 3876 D
726 3827 752 3875 st
769 3837 824 3890 aye
842 3819 995 3890 impudens
1013 3819 1035 3876 l
1129 3821 1234 3891 uulgus
1252 3821 1286 3878 Αι

223 3905 239 3959 7
257 3903 438 3976 effectusque
454 3905 458 3972 Ι
474 3908 551 3962 relas
569 3906 599 3966 l,
622 3907 697 3962 sedi
715 3923 749 3962 ex
766 3907 825 3962 olis
843 3908 933 3962 litters
951 3906 1115 3962 arrasam
1133 3915 1220 3962 marm
1237 3916 1284 3964 est.

239 3991 258 4044 8
282 3991 313 4045 in
329 4007 382 4061 my.
400 3991 446 4048 l³÷
474 3992 652 4064 Hypooratis
679 3992 845 4060 (spaerae
862 3991 886 4059 I,
905 3991 942 4060 1).
1045 3993 1198 4048 9breuem
1217 4009 1285 4047 corr.

139 4091 171 4130 sa
190 4077 308 4132 brebem
326 4076 358 4133 Α1
462 4078 632 4134 Aristotelis
651 4077 776 4144 Eisdem
803 4077 1007 4134 aristotelesd
1034 4077 1202 4145 (Aristoteli
1219 4077 1283 4154 ap).

140 4160 242 4217 Seneca
259 4163 324 4228 fort.
341 4163 392 4218 hoe
408 4179 440 4218 es
460 4163 514 4218 (lic.
534 4165 639 4219 fluent
657 4161 744 4232 1115
761 4165 794 4218 69
812 4163 937 4232 sumpsit,
954 4165 1002 4242 ssd
1019 4164 1174 4219 Aristotelis
1191 4179 1288 4219 assam

135 4262 189 4315 pro
208 4247 387 4316 lbeoptrasts'
403 4249 535 4304 memoria
552 4251 647 4317 lapsas
667 4249 816 4304 mutauit
922 4250 954 4303 10
980 4249 1125 4318 exigentis
1140 4250 1180 4316 ΑΙ,
1207 4250 1256 4305 sed
1273 4267 1287 4304 s

138 4339 234 4400 postes
258 4349 365 4388 erasum
387 4341 433 4402 est,
461 4334 534 4390 uode
556 4351 601 4403 ap.
619 4334 749 4405 exigenti
773 4335 877 4402 editum·
897 4335 938 4389 'de
954 4335 1036 4390 sebo
1053 4333 1191 4404 exigendi
1216 4334 1246 4401 (i.
1266 4352 1287 4389 s.

140 4418 358 4487 expostulandi)
376 4421 427 4486 cfr.
446 4421 523 4488 epist.
541 4421 587 4486 27,
606 4425 635 4488 1,·
660 4421 732 4474 Plin.
751 4423 828 4490 epist.
852 4419 899 4487 VI,
917 4420 962 4487 12,
979 4421 1005 4475 3.
1108 4419 1224 4476 minime
1241 4419 1287 4487 l⁸;

140 4502 260 4558 minima
276 4512 308 4560 ut
323 4506 380 4561 uid.
398 4506 430 4563 Α1
461 4553 465 4566 .
519 4507 550 4560 11
568 4505 618 4559 iis:
637 4506 743 4560 aetatis
760 4505 841 4560 illam
858 4505 960 4574 scripsi
976 4506 992 4560 l.
1011 4507 1028 4559 l.
1044 4521 1072 4574 ρ.
1091 4507 1143 4561 147
1160 4506 1209 4575 (lis
1228 4511 1287 4561 est:

141 4588 248 4644 astatis
275 4607 339 4645 eam
363 4589 509 4661 Madu59);
535 4589 572 4645 lis
596 4594 619 4645 ὅ.
642 4597 674 4645 at
697 4591 748 4646 isti
772 4591 834 4647 Iam
858 4593 881 4649 Α
981 4597 1045 4658 post
1072 4590 1230 4648 indulsisse
1255 4590 1289 4648 l⁸

140 4689 226 4744 aspra
244 4692 355 4730 susam
373 4675 441 4744 (aon
457 4680 488 4731 tn
504 4677 569 4747 sup.)
587 4677 650 4731 add.
670 4675 778 4732 dicunt.
885 4679 917 4732 12
934 4677 1034 4731 secula
1050 4674 1072 4732 l

1049 4768 1084 4826 20
