3230 5258
376 415 419 454 nu
440 414 582 454 saturnu
605 413 734 454 narnus(
757 415 797 454 ou
818 413 1056 472 consonuimus,
1080 417 1188 456 11—-1v.
1293 392 1353 456 381

205 577 242 641 in
271 577 395 642 osculis
422 578 491 642 tuis
519 584 689 642 mortuum
715 577 946 662 iuueramras,
980 587 1115 664 raptum
1137 601 1191 643 me
1214 579 1354 644 audisti:

205 687 272 751 hoc
296 685 406 750 adhuc
429 685 585 752 defuerat
606 686 679 770 tibi,
702 688 820 772 lugere
843 687 949 753 uiuos,
1050 705 1055 718 ·

291 795 355 860 ΙΠ.
401 794 645 860 Grauissimum
674 803 726 860 est
755 819 795 862 ex
824 795 990 880 omuibus,
1024 817 1111 880 quae
1139 819 1298 881 umquam
1320 796 1390 860 inl

207 925 330 990 corpus
364 910 459 969 tuum
493 903 758 987 descenderunt,
798 927 917 970 recens
951 904 1089 988 uulnuS,
1122 903 1247 988 fateor;
1287 926 1356 970 non

181 1033 372 1086 asummam
395 1019 506 1077 cutem
528 1013 629 1098 rupit,
659 1019 779 1098 pectus
802 1020 837 1078 et
858 1014 991 1078 tuscana
1011 1013 1087 1099 ipsa
1109 1011 1234 1080 diuisit.
1287 1013 1356 1079 Sed

207 1119 490 1205 quemadmodum
512 1122 640 1187 tirones
662 1121 785 1186 leuiter
806 1122 912 1188 saucii
934 1129 1050 1187 tamen
1072 1119 1302 1186 uociferantur
1321 1129 1356 1186 et

206 1251 327 1294 manus
349 1229 556 1296 mediocrum
579 1231 687 1316 magis
711 1252 811 1316 quam
833 1229 960 1296 ferrum
977 1229 1126 1304 horrent,
1149 1237 1185 1295 at
1201 1231 1355 1295 ueterani

207 1338 361 1421 quamuis
396 1336 545 1404 confossi
578 1338 748 1424 patienter
782 1361 821 1404 ao
854 1340 927 1404 sine
960 1339 1089 1424 gemitu
1122 1339 1217 1403 uelut
1246 1338 1356 1404 aliena
1459 1333 1462 1342 ’
1496 1317 1502 1330 ’

207 1467 351 1533 corpora
385 1446 549 1512 exsaniari
584 1446 768 1532 patiuntur,
808 1447 857 1512 ita
889 1454 927 1512 tu
960 1469 1050 1512 nunc
1083 1446 1190 1512 debes
1222 1445 1357 1513 fortiter

168 1591 193 1626 ιο
207 1555 373 1641 praebere
396 1561 429 1619 te
454 1555 629 1621 curationi.
674 1555 952 1621 Lamentationes
975 1555 1111 1641 quidem
1134 1563 1170 1619 et
1184 1554 1391 1620 heiulatus2

208 1671 242 1728 et
266 1663 341 1748 alia,
363 1686 426 1750 per
447 1686 534 1748 quae
556 1661 628 1728 fere
650 1663 819 1729 muliebris
842 1663 941 1730 dolor
962 1664 1195 1748 tumultuatur,
1219 1685 1354 1746 amoue3

207 1771 386 1858 perdidisti
410 1773 499 1838 anim
522 1779 575 1837 tot
596 1772 695 1856 mala,
729 1773 758 1836 si
779 1771 931 1838 nondum
953 1773 1074 1838 misera
1100 1794 1173 1838 esse
1197 1771 1355 1836 didicisti.

292 1880 352 1946 IV.
402 1880 536 1966 Ecquid
570 1879 689 1945 uideor
718 1901 787 1946 non
817 1879 933 1946 timide
964 1889 1077 1946 tecum
1107 1880 1240 1966 egisse?
1272 1879 1391 1944 nihill

206 1989 271 2054 tibi
299 1988 445 2054 subduxi
473 2012 514 2054 ex
541 1989 640 2054 malis
663 1989 740 2071 tuin,
774 1988 834 2054 sad
859 1990 971 2054 omnia
994 1996 1195 2056 coaceruata
1217 1995 1296 2054 ante
1319 1994 1353 2052 te

169 2136 193 2170 m
206 2098 316 2185 posui.
361 2098 488 2183 Magno
512 2097 546 2161 id
569 2099 680 2163 animo
703 2096 786 2182 feci;
811 2098 973 2163 constitui
996 2098 1085 2163 enim
1107 2097 1243 2162 uincere
1263 2097 1356 2162 dolo-

207 2229 279 2272 rem
301 2212 406 2290 tuum,
430 2229 496 2271 non
522 2206 807 2273 circumscribere.
854 2206 998 2273 Uincam
1021 2213 1143 2290 autem,
1167 2213 1260 2292 puto,
1288 2205 1357 2291 pri·

207 2337 299 2380 mum
328 2315 357 2380 si
385 2313 566 2380 ostendero
594 2313 678 2380 nihil
706 2337 760 2380 me
788 2315 869 2402 pati,
904 2322 1045 2401 propter
1072 2314 1162 2400 quod
1191 2317 1264 2400 ipse
1289 2314 1357 2379 dici

207 2423 336 2510 possim
365 2423 476 2506 miser,
510 2423 635 2488 nedum
664 2432 805 2510 propter
832 2423 923 2509 quod
952 2423 1093 2488 miseros
1117 2423 1219 2489 etiam
1241 2423 1250 2508 l
1272 2445 1357 2508 quos
1374 2433 1423 2488 sol.
1443 2435 1503 2487 782-

208 2533 371 2617 ccntingo
399 2531 537 2615 iaciam;
571 2531 695 2598 deinde
723 2533 749 2598 si
781 2532 823 2598 ad
850 2540 885 2596 te
914 2532 1079 2598 transiero
1110 2539 1144 2596 et
1166 2531 1356 2618 probauaro

168 2664 251 2714 wne
274 2648 368 2706 tuam
390 2631 528 2726 quidem
550 2663 688 2725 gratiam
713 2663 786 2706 esse
809 2639 988 2720 fortunam,
1013 2662 1098 2724 quae
1121 2646 1194 2704 tota
1219 2662 1260 2704 ex
1282 2661 1357 2704 mea

207 2749 344 2836 pandet.

293 2858 370 2923 Hoc
401 2858 493 2944 prius
523 2857 718 2944 adgrediar,
753 2857 843 2942 quod
871 2856 981 2944 pietas
1010 2865 1068 2922 tua
1097 2856 1214 2922 audire
1242 2855 1392 2941 gestiat

208 2965 293 3031 nihil
323 2964 405 3030 mihi
433 2966 512 3031 mali
541 2989 625 3031 esse.
682 2965 717 3030 Si
747 2972 901 3052 potuero,
934 2965 1026 3050 ipsas
1054 2987 1118 3048 res,
1153 2963 1274 3049 quibus
1304 2985 1356 3029 me

209 3082 311 3161 putas
344 3076 461 3160 premi,
495 3097 563 3140 uon
598 3097 672 3139 esse
706 3072 936 3140 intolerabiles
969 3072 1092 3138 faciam
1125 3071 1356 3143 manifestum:

171 3223 196 3260 ,ὁ
210 3183 263 3248 sin
285 3182 321 3248 id
344 3183 436 3248 cradi
459 3205 528 3248 non
550 3182 709 3268 potuerit,
733 3191 768 3248 at
791 3203 854 3267 ego
877 3180 959 3246 mihi
981 3181 1055 3267 ipse
1078 3181 1186 3266 magis
1204 3180 1357 3266 placebo,

212 3291 303 3376 quod
325 3292 415 3356 inter
438 3313 494 3357 aas
516 3314 571 3356 ras
593 3291 715 3356 beatus
739 3311 807 3372 erc,
831 3311 917 3375 quae
940 3289 1082 3355 miseros
1105 3289 1217 3356 solent
1234 3287 1356 3354 iacere.

213 3401 288 3465 Non
319 3407 379 3484 est,
414 3400 504 3484 quod
528 3399 571 3464 de
593 3421 647 3465 me
672 3399 744 3465 aliis
767 3397 901 3464 credas:
934 3398 1008 3484 ipse
1031 3397 1103 3476 tibi,
1137 3420 1181 3462 ne
1204 3397 1286 3482 quid
1308 3397 1393 3468 ius

213 3509 314 3574 certis
332 3507 549 3595 opinionibus
566 3509 783 3594 perturberis,
806 3507 920 3572 indico
939 3528 1078 3571 menon
1097 3529 1170 3570 esse
1188 3505 1358 3570 misenam.

212 3887 392 3943 9exsaniari
411 3887 525 3942 Jareeus
543 3895 568 3942 et
585 3887 714 3955 Laberium
741 3884 884 3960 exsa‘uari
903 3883 923 3940 A
942 3885 1030 3952 (mut
1046 3882 1149 3951 Καλὴ
1177 3881 1308 3938 exsecari
1326 3900 1360 3938 er

213 3983 320 4039 „uetere
337 3976 447 4029 lectiam
455 3973 603 4028 Piacioni“
622 3973 681 4026 edd.
691 3989 733 4041 up.
744 3973 835 4026 iudea
848 3971 960 4036 Murato,
980 3971 1051 4039 quod
1059 3969 1182 4035 defendit
1192 3969 1358 4023 Gronouiua.

317 4063 347 4114 11
375 4059 525 4114 muliebria
552 4075 633 4112 noan.
651 4055 673 4114 D
692 4065 717 4112 cl
742 4073 785 4124 aa.
809 4057 872 4110 iude
895 4073 913 4110 o
939 4055 1061 4120 Murena
1087 4054 1256 4110 mulierisA

216 4149 247 4201 12
273 4145 399 4202 nondum
418 4147 499 4213 (nou)
518 4143 709 4200 miseraccm'.
733 4143 900 4210 Wesenbery.
1006 4141 1039 4195 13
1064 4139 1185 4196 ntimide
1204 4139 1237 4206 A3
1259 4139 1359 4194 timide

214 4251 270 4301 uq.;
297 4251 374 4288 nunc
401 4230 501 4286 timide
528 4230 597 4284 coni.
624 4227 781 4296 Wesaabcry
812 4227 908 4294 (modo
935 4225 1035 4282 timide
1060 4225 1097 4278 W.
1119 4227 1241 4292 Geinum,
1268 4226 1315 4278 sed
1339 4223 1359 4280 A

213 4319 352 4388 sciptura
370 4320 433 4372 berre
451 4315 562 4382 defendi
576 4321 671 4382 potest.
781 4315 812 4367 19
829 4313 866 4367 ad
885 4311 930 4380 A²3
949 4321 980 4366 at
998 4313 1029 4368 A¹
1133 4313 1168 4366 22
1183 4319 1247 4378 post
1265 4309 1359 4380 pietas

214 4409 243 4458 in
264 4407 319 4469 fiae
341 4419 438 4458 uersus
461 4403 561 4456 cocula
584 4417 665 4453 erasa
687 4407 734 4464 eal,
760 4400 823 4466 sori.
843 4405 895 4452 tua
997 4399 1032 4452 23
1057 4405 1179 4468 potuero
1197 4397 1231 4464 A;
1258 4403 1359 4465 potero

213 4509 296 4546 aonii.
315 4489 336 4548 D
356 4499 380 4544 ct
396 4508 440 4559 up.
496 4491 530 4542 24
547 4493 634 4557 putas
651 4502 709 4554 ayn
729 4491 810 4554 putat
830 4485 851 4540 A
871 4487 1017 4552 (mirionum
1036 4483 1129 4552 piet-aa
1147 4484 1292 4536 antia-tum
1312 4481 1360 4546 sit)

306 4581 484 4698 ¹tolerabiles
502 4645 580 4708 (corr.
599 4658 632 4694 m.
653 4643 679 4704 1)
698 4643 718 4696 A
822 4639 855 4692 25
873 4645 976 4706 unago
994 4638 1040 4702 A⁵;
1060 4637 1152 4704 adego
1171 4634 1201 4691 A¹
