3286 5244
425 383 428 390 ¹
487 333 529 374 nn
550 331 739 374 consrsnrm
761 330 918 375 sarmnrrs
939 335 1092 376 riu-xiv.
1324 310 1365 376 41

206 505 334 585 egent;
381 505 416 564 et
448 520 562 564 rursus
595 519 665 564 non
697 505 873 586 tangetur,
917 499 945 564 si
977 497 1073 564 illum
1113 499 1267 582 (Xerxes)
1307 523 1367 566 rex

205 607 397 675 Medorum
428 605 610 673 Attalusue
642 605 745 674 Asiae
784 607 990 674 salutantem
1027 607 1162 675 silentio
1197 631 1236 674 ec
1269 609 1367 676 uultu

205 717 391 803 arroganti
423 717 610 783 transierit:
645 717 710 783 ecit
743 723 869 783 statum
903 717 974 783 eius
1006 739 1076 784 non
1109 718 1216 804 magis
1238 717 1366 786 hebere

207 825 399 912 quicquam
431 826 652 892 inuidendnm
685 847 786 911 quam
819 826 899 910 eius,
935 828 989 892 cui
1020 828 1073 892 in·
1089 849 1213 914 magna
1238 826 1367 894 familia

177 957 296 1002 scura
319 935 446 1022 optigit
469 957 589 1021 aegros
611 935 817 1021 insanosque
840 956 1067 1021 compescere.
1111 936 1201 1002 Num
1222 937 1400 1003 molestes

204 1043 333 1130 feram,
368 1045 398 1110 si
426 1042 508 1110 mihi
535 1066 604 1109 non
632 1043 821 1110 reddiderit
847 1066 972 1109 nomen
1000 1044 1121 1131 aliquis
1150 1068 1191 1116 ex
1212 1044 1274 1130 his,
1309 1047 1366 1131 qui

205 1153 257 1220 ad
310 1153 462 1220 Castoris
517 1154 736 1240 negotiantur
790 1175 937 1238 nequem
990 1153 1159 1240 mancipia
1214 1161 1365 1220 ementes

206 1262 488 1347 candentesque,
533 1283 677 1347 quorum
719 1262 882 1327 tabernae
926 1263 1149 1348 pessimorum
1191 1285 1365 1330 seruorum

205 1371 316 1436 turba
344 1369 492 1436 refertae
523 1373 624 1436 sunt?
678 1369 765 1454 Non,
799 1378 837 1435 ut
865 1377 964 1456 puto;
999 1371 1081 1457 quid
1111 1371 1201 1436 enirn
1228 1372 1256 1437 is
1283 1372 1366 1438 boni

166 1479 333 1564 ichabot,
368 1480 431 1545 sub
463 1502 529 1565 qno
558 1501 658 1545 nemo
686 1479 751 1544 nisi
778 1478 887 1544 malus
918 1479 991 1546 est?
1057 1480 1167 1566 Ergo,
1200 1488 1239 1547 ut
1265 1478 1364 1547 huius

204 1588 460 1655 humanitatem
499 1586 848 1673 inhumanitatemque
889 1587 1058 1674 neglegit,
1101 1590 1151 1655 ita
1189 1597 1224 1654 et
1256 1591 1363 1676 regis:

210 1698 353 1782 „Habes
384 1698 446 1762 sub
469 1703 505 1763 te
527 1694 674 1763 Parthos
697 1703 733 1762 et
753 1696 874 1762 Medos
897 1704 933 1762 et
953 1695 1165 1782 Bactrianos,
1195 1698 1257 1764 sed
1279 1720 1365 1784 qnos

208 1814 306 1872 metu
329 1807 495 1891 contines,
524 1806 585 1871 sed
606 1811 747 1893 propter
769 1827 854 1890 quos
876 1805 1049 1871 remittere
1072 1827 1187 1872 arcum
1208 1807 1272 1872 tibi
1294 1829 1365 1874 non

209 1916 391 2002 contingit,
426 1914 486 1980 sed
508 1916 617 1981 hostes
641 1914 856 1998 taeterrirnoS,
890 1913 951 1980 sed
973 1914 1120 1996 uenales,
1155 1915 1215 1980 sed
1237 1937 1364 1982 nouum

169 2055 195 2092 a
210 2031 423 2111 aucupantes
446 2023 661 2090 dominium.“
692 2022 823 2088 Nullius
841 2044 922 2108 ergo
940 2024 1132 2090 monebitur
1143 2024 1362 2109 contumelie;
1380 2043 1397 2098 5

211 2155 329 2200 omnes
364 2133 455 2198 enim
476 2134 565 2198 inter
586 2155 623 2198 se
646 2131 812 2216 differant,
847 2131 982 2218 sapiens
1005 2132 1141 2217 quidem
1162 2155 1262 2220 pares
1283 2132 1360 2200 illos

211 2244 254 2308 ob
290 2241 468 2328 aequalem
500 2241 683 2307 stultitiam.
711 2242 819 2306 omnis
852 2247 960 2327 putat.
1005 2241 1092 2306 Nem
1124 2242 1152 2307 si
1186 2242 1289 2308 semel
1323 2265 1359 2308 se

211 2351 389 2418 demiserit
410 2373 461 2434 eo,
489 2357 528 2447 ut
551 2357 610 2416 eut
630 2350 753 2416 iniuria
774 2357 951 2416 moueatur
974 2357 1032 2416 eut
1054 2351 1267 2437 contumelia,
1290 2373 1360 2418 non

210 2461 340 2548 poterit
371 2481 520 2545 unquam
554 2481 629 2526 esse
662 2481 814 2543 securus;
848 2458 1012 2525 securitas
1045 2466 1159 2525 autem
1187 2461 1361 2547 proprium

172 2569 340 2638 sibonum
362 2568 525 2655 sepientis
549 2575 609 2634 est.
654 2567 726 2632 Nec
749 2567 948 2652 committet,
977 2574 1015 2633 ut
1036 2567 1217 2634 iudicando
1241 2576 1359 2635 contu·

211 2678 347 2744 maliem
370 2677 433 2743 sibi
455 2675 583 2743 factem
603 2676 769 2743 honorem
790 2675 917 2742 hebeat
940 2677 980 2762 ei,
1009 2677 1067 2762 qui
1088 2675 1186 2760 fecit;
1219 2699 1360 2743 necesse

213 2793 265 2852 est
295 2786 395 2870 enim,
429 2809 450 2851 e
476 2807 543 2872 quo
572 2787 714 2870 quisque
743 2785 915 2850 contemni
936 2785 1081 2850 moleste
1103 2783 1201 2870 ferat,
1235 2786 1360 2872 suspici
1433 2779 1436 2786 ’

211 2894 370 2981 gaudeat.

295 3003 395 3070 XIV.
439 3001 549 3068 'Penta
578 3003 743 3088 quosdam
766 3001 938 3068 dementia
958 3007 1064 3085 tenet,
1093 3009 1133 3067 ut
1154 3002 1219 3068 sibi
1242 3009 1394 3077 contu-1
1427 2997 1429 3002 ’

175 3144 200 3182 n
214 3112 349 3178 maliem
378 3111 451 3176 fieri
473 3117 596 3198 putent
617 3133 719 3198 posse
747 3133 768 3176 e
790 3111 945 3176 muliere!
1002 3109 1091 3187 Quid
1113 3109 1227 3194 refert,
1262 3134 1362 3197 quam

214 3219 374 3304 habeant,
408 3228 490 3305 quot
510 3219 702 3286 lecticarios
725 3219 918 3303 habentem
950 3241 1051 3304 quem
1073 3227 1231 3285 oneratas
1254 3242 1361 3304 eures,

214 3352 314 3416 qnam
341 3328 452 3396 laxem
480 3328 620 3394 sellem?
654 3350 762 3413 aequo
791 3328 976 3414 inprudens
998 3327 1121 3393 animal
1145 3335 1197 3393 est
1221 3335 1264 3413 et,
1298 3329 1363 3394 nisi
1428 3345 1430 3354 ’

214 3437 357 3504 scientie
390 3412 535 3503 accessit
568 3460 608 3503 ac
635 3436 743 3502 multa
770 3435 930 3521 eruditio,
964 3434 1091 3520 ferum,
1127 3435 1363 3522 cupiditatium

215 3699 228 3751 1
254 3697 369 3752 Xerxes
396 3695 501 3762 addidi,
527 3702 558 3750 ut
584 3701 661 3760 esset,
688 3695 760 3762 quod
777 3693 867 3750 Attali
890 3693 995 3750 ameni
1012 3681 1183 3750 contorium
1199 3701 1360 3762 pomeretam·

212 3784 263 3848 cfr.
282 3781 381 3836 similis
399 3781 473 3836 locres
489 3780 523 3835 de
541 3785 630 3848 tranq.
648 3795 694 3834 aa.
721 3780 763 3846 11,
790 3781 835 3834 12.
936 3781 954 3834 2
980 3797 1050 3850 asyq
1068 3779 1091 3836 Α
1193 3782 1210 3834 b
1236 3797 1321 3848 egros
1340 3779 1361 3836 Α

298 3871 452 3937 copescere
469 3864 504 3932 Α;
531 3865 564 3920 de
580 3865 721 3931 infinitae
739 3863 790 3930 cfr.
810 3864 923 3934 Qneast
937 3872 994 3920 nat.
1013 3865 1038 3933 I,
1057 3866 1097 3933 17,
1117 3867 1140 3919 7.
1227 3867 1244 3919 6
1270 3883 1307 3930 en
1324 3864 1360 3920 iis

651 3961 664 3988 1
771 3975 775 3986 ι

211 4003 281 4060 coni.
306 4002 466 4072 Wesenberp
568 4002 583 4056 7
610 4019 666 4072 neq
685 4003 730 4064 (ε
748 4003 852 4070 nequet
872 3998 901 4068 Α,
928 4017 997 4055 corr.
1015 4017 1060 4068 up.
1166 4003 1198 4056 14
1216 4001 1361 4072 contingit

212 4107 293 4146 noan.
320 4087 342 4146 D
370 4095 397 4144 et
421 4105 465 4157 up.
491 4089 555 4142 inde
580 4105 599 4142 a
627 4087 754 4153 Curione
784 4085 947 4156 contigith
1049 4082 1149 4142 hostes
1176 4087 1360 4142 taeterrimos

210 4177 313 4244 scripsi
339 4190 399 4229 curn
418 4173 571 4242 Maeuiae,
597 4173 654 4230 uid
675 4172 752 4228 Sed.
771 4175 831 4227 crit.
850 4173 916 4242 l.1.;
944 4165 1113 4243 postirimos
1131 4171 1164 4240 Α;
1191 4173 1276 4242 lupos
1298 4179 1359 4228 teo-

211 4261 345 4317 terrimos
365 4257 441 4313 Kosz
544 4259 576 4312 15
595 4257 752 4313 dominium
771 4273 852 4312 none·
872 4255 893 4314 l)
913 4265 938 4313 et
954 4259 1012 4314 edd.
1031 4274 1110 4324 recc.;
1129 4257 1198 4313 dnm
1216 4257 1360 4324 (εᾶοωί-

212 4345 332 4408 numlll
437 4345 469 4398 16
496 4343 632 4399 differant
650 4345 752 4412 scripsi
767 4345 783 4397 l.
802 4343 832 4410 l.;
859 4341 1037 4400 differuntll
1141 4345 1174 4397 19
1199 4343 1309 4413 poterit
1326 4343 1359 4412 Ας

211 4430 340 4502 potuerit
359 4429 470 4486 Fickert
486 4445 575 4484 errore
593 4437 726 4499 typmum,
745 4443 821 4498 quem
838 4427 1076 4484 centaureae
1134 4430 1169 4484 20
1187 4429 1321 4484 comittet
1339 4429 1360 4486 Α

294 4569 328 4622 21
355 4573 538 4622 necessesest
555 4568 584 4632 Α,
612 4582 679 4622 corr.
696 4583 741 4634 uo.
833 4568 867 4620 22
893 4566 998 4634 suspici
1015 4564 1051 4622 A·
1140 4566 1174 4620 26
1195 4526 1304 4622 baboel
1320 4566 1357 4623 A¹

313 4659 384 4721 quot
400 4668 459 4722 u9;
477 4651 594 4724 quodh
695 4652 730 4707 27
748 4650 861 4725 qquqh
