3230 5258
332 385 396 452 402
557 410 584 449 n.
608 409 726 450 anunm
749 407 884 450 saracin
906 407 1106 452 nranoooavu
1129 409 1188 450 arn.
1212 409 1267 448 111.

331 574 392 638 icis
426 574 499 639 istis
533 572 609 638 loca
640 573 715 659 ipsa
746 573 1013 658 gratulationum
1048 579 1082 638 et
1105 573 1329 639 conuictuum
1363 581 1410 657 at,
1440 581 1474 638 ut
1582 553 1583 562 ἵ

331 703 471 748 necesse
506 688 566 766 est,
602 679 855 747 efficacissimas
889 681 934 747 ad
966 681 1140 747 uexandus
1175 681 1306 747 animos
1335 682 1473 746 recentis

332 791 599 855 conuersationis
626 796 736 855 notas.
788 790 874 855 Nam
903 789 968 855 hoc
998 812 1134 876 quoque
1164 789 1326 855 aduersus
1349 797 1384 854 te
1406 813 1472 854 cru·

330 897 453 963 daliter
480 897 617 965 fortuna
643 898 762 964 molita
789 905 855 982 est,
889 898 980 984 quod
1007 906 1042 964 te
1071 905 1149 964 ante
1178 899 1318 964 tertium
1347 897 1473 964 demum

331 1005 436 1092 diem,
470 1029 570 1092 quam
599 1007 774 1093 perculsus
804 1029 894 1092 sum,
928 1030 1083 1073 securam
1110 1030 1175 1072 nec
1204 1009 1384 1093 quicquam
1410 1007 1494 1072 talea

295 1121 539 1181 tmetuentem
579 1116 709 1202 digredi
739 1115 857 1182 uoluit.
911 1115 1007 1181 Bene
1035 1139 1097 1183 nos
1125 1116 1356 1203 longinquitas
1388 1117 1472 1182 loco·

327 1245 403 1289 rum
442 1223 618 1308 diuiserat,
662 1223 752 1289 bene
785 1225 916 1310 aliquot
949 1248 1113 1292 annorum
1147 1225 1303 1292 absentia
1335 1223 1412 1291 huic
1442 1233 1472 1290 te

327 1331 418 1398 melo
451 1339 729 1421 praeparauerat:
762 1333 891 1418 redisti,
925 1356 993 1399 non
1027 1341 1065 1398 ut
1098 1334 1311 1420 uoluptatem
1340 1357 1381 1399 ex
1410 1333 1471 1399 filio

327 1442 532 1528 perciperes,
566 1441 627 1506 sed
655 1449 694 1507 ut
723 1443 1005 1508 consuetudinem
1034 1441 1194 1508 desiderii
1216 1441 1388 1528 perderes.
1441 1443 1471 1508 Si

327 1552 435 1617 multo
460 1559 539 1616 ante
562 1550 713 1636 afuisses‚
742 1548 864 1616 fortius
888 1551 1022 1616 tulisses
1044 1551 1119 1638 ipso
1141 1549 1322 1617 interuallo
1347 1551 1503 1616 deside-10

326 1661 414 1725 rium
436 1657 625 1743 molliente;
660 1660 688 1724 si
710 1681 780 1726 non
801 1661 1012 1744 recessisses,
1040 1659 1195 1725 ultimum
1218 1668 1310 1725 certe
1332 1659 1472 1726 fluctum

327 1768 432 1835 biduo
461 1769 587 1834 diutius
614 1768 754 1834 uidendi
784 1767 890 1833 filimn
912 1769 1062 1835 tulisses:
1097 1791 1188 1834 nunc
1212 1769 1351 1834 crudele
1372 1768 1471 1834 fatum

326 1879 375 1944 ita
409 1879 614 1964 composuit,
649 1885 688 1942 ut
715 1899 779 1942 nec
807 1876 965 1944 fortunae
993 1901 1089 1944 meae
1116 1877 1300 1943 interesses
1328 1901 1392 1943 nec
1419 1878 1471 1943 ab·

292 1986 458 2053 tsentiae
489 1985 717 2052 adsuesceres.
773 1985 843 2051 Sed
866 1994 993 2072 quanto
1015 1986 1081 2050 ista
1104 1985 1241 2050 duriora
1264 1995 1364 2071 sunt,‘
1383 1993 1470 2052 tanto

325 2095 433 2161 maior
462 2095 523 2160 tibi
553 2095 661 2161 uirtus
691 2094 893 2162 aduocanda
921 2101 973 2161 est
1001 2102 1035 2159 et
1056 2094 1153 2160 uelut
1175 2117 1251 2160 oum
1274 2093 1373 2160 hoste
1395 2103 1503 2160 notos
1582 2127 1583 2136 κ

326 2226 366 2270 ac
390 2225 492 2291 saepe
515 2204 582 2270 iam
605 2205 696 2270 uicto
721 2205 830 2270 acrius
851 2203 1151 2290 congrediendum.
1195 2203 1273 2268 Non
1292 2225 1334 2268 ex
1350 2205 1470 2268 intacto
1582 2185 1583 2258 i

326 2334 469 2399 corpore
499 2320 559 2378 tuo
590 2314 727 2398 sanguis
756 2313 811 2378 hic
841 2311 951 2378 fluxit:
986 2333 1048 2399 per
1075 2311 1166 2399 ipsas
1197 2311 1375 2377 cicatrices
1402 2335 1471 2399 per·
1582 2317 1583 2380 ἰ

326 2443 426 2486 cussa
448 2443 493 2488 es.

293 2549 307 2600 1
410 2529 507 2596 XVI.
562 2530 639 2595 Non
680 2535 747 2613 est,
787 2529 880 2614 quod
913 2527 1018 2594 utaris
1053 2529 1272 2594 excusatione
1305 2527 1469 2594 muliebris

325 2639 480 2723 nominis,
515 2637 570 2703 cui
597 2659 707 2723 paene
737 2659 936 2703 concessum
965 2645 1017 2702 est
1044 2637 1293 2703 inmoderatum
1322 2638 1358 2703 in
1380 2638 1502 2704 lauri-a
1582 2707 1583 2724 p

325 2771 397 2814 mas
430 2747 500 2830 ius,
532 2769 602 2812 non
635 2747 825 2811 inmensum
852 2754 981 2828 tamem
1017 2752 1052 2810 et
1078 2745 1156 2810 ideo
1184 2747 1330 2812 maiores
1359 2747 1469 2814 decem
1582 2731 1583 2804 Ϊ

325 2878 479 2922 mensum
502 2855 648 2942 spatium
669 2855 865 2941 lugentibus
889 2855 981 2920 uiros
1005 2853 1182 2939 dederunt,
1214 2861 1252 2918 ut
1274 2877 1352 2922 cum
1374 2855 1470 2943 perti·

324 2966 424 3031 nacia
450 2964 624 3030 muliebris
652 2965 814 3030 maeroris
842 2962 981 3049 publica
1004 2963 1246 3029 constitutione
1270 2961 1470 3028 deciderent.
1582 2977 1583 3056 p

324 3075 401 3140 Non
434 3071 683 3161 prohibueumt
715 3072 836 3156 luctus
872 3073 932 3136 sed
962 3071 1138 3155 finienmt3
1172 3093 1251 3136 nam
1282 3079 1317 3136 et
1346 3072 1469 3138 infinito

325 3183 452 3267 dolore,
488 3203 564 3248 oum
592 3179 738 3266 aliquem
768 3203 809 3245 ex
838 3181 1019 3246 carissimis
1049 3179 1208 3266 amiseris,
1244 3177 1346 3245 adfici
1374 3179 1501 3250 stultas
1582 3183 1583 3270 J

323 3291 537 3378 indulgentia
560 3297 621 3374 est,
645 3297 679 3354 et
700 3288 795 3355 nullo
818 3287 1004 3356 inhumana
1026 3289 1165 3354 duritia:
1202 3289 1368 3376 optimum
1389 3289 1471 3353 inter
1582 3295 1583 3377 t

322 3403 487 3488 pietatem
518 3407 552 3463 et
578 3399 745 3464 rationem
773 3403 1079 3485 temperamentum
1107 3403 1160 3462 est
1182 3403 1216 3462 et
1238 3398 1366 3462 sentire
1389 3397 1468 3462 desi·

289 3509 454 3578 uderium
478 3515 512 3573 et
534 3508 734 3595 opprimere.
779 3506 856 3573 Nou
880 3505 1056 3594 estquod
1080 3503 1468 3592 adquasdamfemines

1582 3681 1583 3718 l

1582 3747 1583 3784 l

1582 3801 1583 3832 l

1582 3849 1583 3910 l

323 3870 338 3922 1
373 3875 404 3924 et
428 3883 478 3924 cm.
506 3885 578 3924 aare
605 3866 635 3934 D,
670 3875 741 3924 recte
766 3867 895 3934 fatuea,
930 3875 962 3922 ut
992 3868 1057 3922 hoec
1085 3869 1148 3936 ipsa
1174 3867 1234 3922 loca
1259 3865 1469 3922 cameracae

323 3961 403 4010 notor
420 3955 490 4022 artat,¹
518 3971 555 4009 aa
571 3953 644 4018 sorte
661 3953 692 4007 in
710 3958 741 4007 et
758 3953 824 4007 lutet
842 3951 870 4021 ej
889 3949 997 4020 (eiusll
1092 3953 1108 4006 5
1127 3953 1247 4024 pculsus
1265 3951 1301 4018 A;
1319 3967 1468 4022 percussus

321 4055 404 4093 aona.
424 4037 445 4095 l)
464 4045 491 4094 et
508 4055 549 4108 aq.
630 4038 690 4093 tale
706 4038 839 4093 totunm
855 4037 896 4104 A',
914 4037 964 4092 aad
980 4039 1083 4092 lineola
1101 4056 1184 4094 masa
1203 4045 1249 4093 eat
1327 4039 1345 4092 6
1364 4033 1468 4106 digredi

322 4142 433 4210 Haaae;
466 4141 503 4197 ad
527 4123 580 4211 ‘idi
597 4141 632 4207 A;
659 4139 776 4210 regredi
793 4141 944 4196 omiserant
961 4139 1083 4209 upana,
1102 4142 1151 4196 aed
1168 4140 1219 4206 cfr.
1237 4159 1263 4194 u.
1283 4143 1315 4195 11
1334 4157 1373 4210 sq.

324 4231 356 4282 10
382 4235 450 4284 anta
477 4227 604 4284 afuissea
631 4225 768 4282 Gratum
802 4227 883 4294 (ante
908 4225 1056 4282 abfuisses
1086 4241 1168 4282 nonu.
1197 4224 1218 4282 l)
1245 4234 1271 4282 et
1296 4244 1341 4297 up.
1368 4227 1469 4282 indeo

323 4313 459 4381 Mureto);
477 4320 566 4370 antea
583 4311 722 4370 fuissasA
770 4313 801 4366 11
819 4311 1025 4379 mollienteffaa'
1041 4329 1101 4367 non
1118 4312 1152 4370 Al
1169 4311 1206 4379 [si
1223 4313 1255 4366 iu
1270 4329 1330 4367 roa.
1347 4311 1469 4378 ruinart
1582 4341 1583 4346 κ

322 4416 486 4472 mollientes
506 4434 565 4471 non
583 4416 614 4472 A¹
632 4423 665 4471 ut
680 4413 739 4471 aid.
844 4417 876 4468 16
899 4397 1083 4484 οοιιξὰὶεηᾱᾱ
1101 4413 1136 4483 A;
1163 4421 1210 4470 est
1228 4415 1469 4485 congrediendum
1582 4461 1583 4464 ,

324 4573 376 4625 up,
396 4557 476 4611 etiam
494 4551 574 4609 Koch
591 4559 730 4622 umquam
746 4568 780 4606 ea
798 4552 819 4608 A
924 4555 955 4607 19
974 4511 1156 4608 excusatio¹¹⁰
1169 4553 1251 4620 (corr.
1269 4571 1304 4609 m.
1323 4556 1352 4621 1)
1370 4554 1391 4610 A

322 4643 355 4696 21
373 4641 419 4695 ius
438 4657 519 4696 nonu.
539 4637 559 4696 D
578 4647 605 4695 et
620 4656 679 4707 aya
698 4635 727 4707 ej
745 4637 766 4693 A
784 4638 814 4703 (ι’.
833 4654 853 4690 e.
873 4637 947 4706 eius)
1029 4641 1064 4694 22
1081 4643 1183 4694 mensu
1203 4638 1232 4706 A,
1250 4655 1307 4695 non
1324 4639 1470 4703 mensium
1582 4643 1583 4650 ’

321 4733 355 4782 ut
370 4743 415 4796 up.
518 4725 553 4780 23
570 4724 692 4782 meroris
710 4721 828 4793 publica
846 4725 886 4787 (bl
905 4741 940 4780 ac
956 4726 1122 4780 acueram
1138 4739 1173 4779 aa
1192 4725 1222 4791 1)
1240 4725 1262 4782 A
