3286 5244
435 382 476 423 nn
498 380 687 424 conscium
709 381 867 424 ssnmncis
888 381 1078 423 nnn—xix.
1290 357 1333 422 49

175 541 303 610 fortius
336 553 435 631 geret
466 569 597 612 memor
628 546 664 612 in
697 546 806 633 prims
839 547 911 613 scie
944 547 1033 613 altos
1066 545 1203 612 ordines
1231 551 1331 612 stare.

176 652 412 720 Contumelias
446 661 482 721 et
512 655 620 722 uerba
652 655 818 741 probrose
851 662 887 721 et
919 655 1120 742 ignominias
1155 660 1191 719 et
1218 660 1334 720 cetere

177 761 487 831 dehonestamenta
514 763 611 830 uelut
638 764 821 831 clamorem
847 763 997 830 hostium
1024 761 1113 829 ferat
1142 769 1177 828 st
1197 762 1331 850 longin-

178 893 249 956 que
280 871 351 937 tels
385 879 420 938 et
452 895 534 938 sexa
566 873 640 939 sine
672 873 813 940 uulnere
846 874 936 940 circa
968 872 1085 959 gsiese
1114 871 1331 957 crepitantis3

148 979 319 1058 „iniurias
350 1003 431 1048 uero
460 989 499 1048 ut
526 982 682 1066 uulnere,
717 983 783 1049 clic
812 983 927 1066 armis,
962 981 1027 1047 clia
1053 980 1185 1067 pectori
1213 980 1331 1066 infixa,

178 1111 251 1156 non
283 1090 446 1176 deiectus,
480 1114 524 1156 ne
557 1099 669 1158 motus
697 1091 835 1177 quidem
862 1091 971 1177 gradu
998 1090 1173 1156 sustineat.
1218 1089 1332 1156 Etiam

178 1199 209 1263 si
231 1200 396 1284 premeris
409 1197 454 1264 'et
475 1199 601 1266 infeste
622 1201 658 1266 ui
679 1203 821 1287 urgeris,
857 1199 979 1266 cedere
1001 1205 1118 1266 tamen
1136 1191 1239 1285 'turpe
1263 1207 1330 1265 est:

179 1307 398 1394 adsignatum
425 1331 446 1374 s
473 1315 596 1376 ncturs
627 1309 739 1399 locum
762 1317 868 1375 tuere.
925 1308 1076 1392 Quaeris,
1106 1308 1181 1394 quis
1208 1306 1264 1372 hic
1286 1307 1331 1373 sit

178 1415 298 1482 locus?
332 1417 406 1483 uiri.
459 1415 613 1505 Sapienti
635 1417 727 1484 eliud
749 1417 911 1484 auxilium
933 1423 985 1483 est
1008 1414 1086 1482 huic
1109 1417 1330 1500 contrarium
1348 1421 1366 1474 4

136 1547 243 1603 101108
277 1527 368 1590 enim
400 1548 473 1590 rem
505 1526 633 1612 geritis,
677 1525 726 1590 ilii
759 1533 858 1613 parts
889 1525 1034 1592 uictoris
1067 1531 1128 1591 est.
1194 1525 1246 1590 Ne
1279 1547 1331 1590 rs·

179 1639 332 1720 pugnate
373 1639 487 1700 uestro
527 1634 619 1700 bono
660 1641 695 1700 et
731 1634 820 1700 hanc
861 1657 973 1721 spem,
1018 1634 1099 1699 dum
1137 1633 1182 1699 sd
1213 1655 1332 1699 uerum

178 1742 376 1829 peruenitis,
410 1743 490 1808 alite
517 1743 553 1808 in
581 1743 701 1809 animis
727 1744 943 1828 libentesque
964 1742 1105 1809 meliora
1127 1742 1274 1830 excipite
1297 1749 1333 1808 et

179 1851 354 1938 opinione
370 1873 410 1917 cc
436 1858 519 1919 uoto
546 1852 677 1918 inuste:
712 1873 787 1918 esse
816 1849 943 1937 aliquid
964 1851 1139 1935 inuictum,
1173 1873 1248 1916 esse
1271 1851 1330 1917 cli-

179 1981 290 2044 quem,
336 1961 372 2026 in
404 1983 506 2045 quem
537 1959 622 2026 nihil
653 1958 792 2028 fortune
824 1959 942 2047 possit,
987 1983 1006 2024 c
1039 1982 1076 2026 re
1108 1959 1246 2046 publice
1279 1967 1332 2025 est

136 2111 165 2149 ,ὅ
177 2068 315 2154 generis
336 2067 484 2136 humani.

180 2289 194 2341 1
213 2293 299 2357 gerat
316 2304 443 2343 memor.
455 2327 460 2340 .
471 2327 478 2341 .
488 2291 574 2342 stare.
594 2285 787 2342 contumelias
804 2285 834 2354 A,
852 2293 884 2341 ut
900 2286 1062 2354 interpam
1081 2285 1160 2342 Smd.
1169 2287 1230 2342 crit.
1243 2289 1331 2356 p.69;

178 2379 276 2442 gerat;
303 2390 464 2428 memor...
476 2379 555 2428 stare
583 2371 775 2428 contumelias
794 2389 837 2442 cy.
941 2372 957 2426 7
980 2371 1089 2428 infeste
1106 2372 1137 2428 ni
1153 2371 1268 2442 urgeris
1285 2389 1329 2442 uo.
1355 2398 1356 2401 ¹

177 2457 331 2522 infestslui
356 2475 462 2528 urgere
480 2457 502 2514 A
528 2461 611 2521 (errat
628 2457 717 2524 Koch)
820 2459 838 2512 8
864 2456 961 2528 queris
983 2457 1006 2515 A
1111 2460 1143 2513 12
1168 2457 1330 2528 peruenitis

179 2561 236 2614 1194
254 2543 432 2614 peruenistis
451 2542 472 2600 A
489 2545 550 2611 (sed
567 2543 678 2599 debebat
693 2543 888 2613 perueneritis
906 2543 972 2609 dic)
1041 2543 1112 2598 alite
1129 2559 1191 2612 u9.;
1213 2536 1268 2598 alit
1287 2545 1329 2611 (t

178 2629 278 2696 aliter)
297 2629 319 2685 A
391 2629 424 2684 13
440 2627 520 2698 sliqd
538 2626 573 2696 A;
590 2628 719 2698 aliquem
737 2645 818 2684 nonu.
837 2625 858 2686 D
877 2636 903 2683 et
921 2629 988 2694 cdd„
1006 2631 1057 2684 uikc
1073 2635 1150 2685 recte.
1231 2630 1263 2683 14
1281 2646 1330 2684 erc

178 2715 298 2785 publica
316 2721 369 2772 cst.
391 2713 509 2784 generis
527 2713 647 2770 hnmani
665 2721 711 2771 est
729 2714 763 2782 A;
789 2731 835 2784 cy.
849 2714 932 2784 prius
950 2720 996 2770 est
1013 2715 1121 2782 tollunt,
1150 2715 1198 2770 sed
1214 2715 1331 2770 mmm

177 2801 280 2856 rectius
298 2817 371 2856 unus
389 2797 410 2856 D
429 2808 455 2856 et
471 2815 554 2855 ncnn.
573 2801 632 2856 edd.
652 2829 685 2838 -
705 2799 876 2870 Subscriptio
893 2800 980 2856 minio
996 2805 1073 2870 picta
1090 2801 1156 2856 hacc
1172 2808 1226 2856 est:
1244 2799 1276 2854 L.
1294 2800 1329 2855 A.

178 2885 289 2958 Senccs
307 2885 354 2940 Ad
372 2885 490 2941 Seremi.
535 2885 597 2940 Nec
618 2884 726 2941 inimic
743 2905 797 2942 nec
816 2886 954 2942 ttumelit
971 2885 1104 2956 accipere
1122 2885 1260 2956 sapient&¹
1281 2903 1329 2940 cx-

178 2969 270 3040 plicit.
294 2970 300 3036 Ι
324 2970 432 3036 Incipit
448 2971 496 3026 Ad
513 2971 662 3026 Nouatum
678 2971 722 3027 De
740 2971 790 3026 Ire
808 2971 882 3027 liber
899 2971 1018 3042 primus.
1036 2970 1065 3027 fe
1083 2971 1105 3026 li
1123 2971 1150 3027 ci
1168 2977 1221 3027 ter.
