<?xml version="1.0" encoding="UTF-8"?>
<!DOCTYPE html PUBLIC "-//W3C//DTD XHTML 1.0 Transitional//EN"
    "http://www.w3.org/TR/xhtml1/DTD/xhtml1-transitional.dtd">
<html xmlns="http://www.w3.org/1999/xhtml" xml:lang="en" lang="en">
 <head>
  <title>
</title>
<meta http-equiv="Content-Type" content="text/html;charset=utf-8" />
  <meta name='ocr-system' content='tesseract 3.04.00' />
  <meta name='ocr-capabilities' content='ocr_page ocr_carea ocr_par ocr_line ocrx_word'/>
</head>
<body>
  <div class='ocr_page' id='page_1' title='image "./lannaeisenecaed00senegoog/lannaeisenecaed00senegoog_0073.png"; bbox 0 0 3286 5244; ppageno 0'>
   <div class='ocr_carea' id='block_1_1' title="bbox 296 349 1219 414">
    <p class='ocr_par' dir='ltr' id='par_1_1' title="bbox 296 349 1219 414">
     <span class='ocr_line' id='line_1_1' title="bbox 296 349 1219 414; baseline -0.002 0"><span class='ocrx_word' id='word_1_1' title='bbox 296 349 340 414; x_wconf 76' lang='lat'>28</span> <span class='ocrx_word' id='word_1_2' title='bbox 532 373 559 412; x_wconf 81' lang='lat' dir='ltr'>n.</span> <span class='ocrx_word' id='word_1_3' title='bbox 583 369 702 412; x_wconf 74' lang='lat' dir='ltr'>Auram</span> <span class='ocrx_word' id='word_1_4' title='bbox 723 369 859 412; x_wconf 70' lang='lat' dir='ltr'>sanaem</span> <span class='ocrx_word' id='word_1_5' title='bbox 880 369 1080 412; x_wconf 73' lang='lat' dir='ltr'>nranooonvu</span> <span class='ocrx_word' id='word_1_6' title='bbox 1102 369 1163 412; x_wconf 78' lang='lat' dir='ltr'>urs.</span> <span class='ocrx_word' id='word_1_7' title='bbox 1186 371 1219 412; x_wconf 92' lang='lat'>11.</span> 
     </span>
    </p>
   </div>
   <div class='ocr_carea' id='block_1_2' title="bbox 214 534 1544 3564">
    <p class='ocr_par' dir='ltr' id='par_1_2' title="bbox 214 534 1544 2366">
     <span class='ocr_line' id='line_1_2' title="bbox 297 534 1445 621; baseline 0 -19"><span class='ocrx_word' id='word_1_8' title='bbox 297 559 465 604; x_wconf 86' lang='lat' dir='ltr'>consensu</span> <span class='ocrx_word' id='word_1_9' title='bbox 493 535 714 602; x_wconf 87' lang='lat' dir='ltr'>seruientium</span> <span class='ocrx_word' id='word_1_10' title='bbox 740 534 853 620; x_wconf 88' lang='lat' dir='ltr'>ualidi,</span> <span class='ocrx_word' id='word_1_11' title='bbox 886 555 1011 601; x_wconf 87' lang='lat' dir='ltr'>nocere</span> <span class='ocrx_word' id='word_1_12' title='bbox 1037 535 1227 621; x_wconf 87' lang='lat' dir='ltr'>intendent,</span> <span class='ocrx_word' id='word_1_13' title='bbox 1260 541 1331 601; x_wconf 79' lang='lat' dir='ltr'>tem</span> <span class='ocrx_word' id='word_1_14' title='bbox 1360 537 1445 602; x_wconf 88' lang='lat' dir='ltr'>citra</span> 
     </span>
     <span class='ocr_line' id='line_1_3' title="bbox 214 643 1444 734; baseline -0.002 -20"><span class='ocrx_word' id='word_1_15' title='bbox 214 673 228 704; x_wconf 75' lang='grc' dir='ltr'><strong>ο</strong></span> <span class='ocrx_word' id='word_1_16' title='bbox 296 647 498 734; x_wconf 86' lang='lat' dir='ltr'>sapientiam</span> <span class='ocrx_word' id='word_1_17' title='bbox 531 667 648 712; x_wconf 86' lang='lat' dir='ltr'>omnes</span> <span class='ocrx_word' id='word_1_18' title='bbox 683 667 799 711; x_wconf 90' lang='lat' dir='ltr'>eorum</span> <span class='ocrx_word' id='word_1_19' title='bbox 831 645 978 730; x_wconf 88' lang='lat' dir='ltr'>impetus</span> <span class='ocrx_word' id='word_1_20' title='bbox 1011 643 1182 730; x_wconf 88' lang='lat' dir='ltr'>deficient,</span> <span class='ocrx_word' id='word_1_21' title='bbox 1222 667 1324 731; x_wconf 88' lang='lat' dir='ltr'>quam</span> <span class='ocrx_word' id='word_1_22' title='bbox 1357 668 1444 731; x_wconf 85' lang='lat' dir='ltr'>quae</span> 
     </span>
     <span class='ocr_line' id='line_1_4' title="bbox 296 753 1446 840; baseline -0.002 -18"><span class='ocrx_word' id='word_1_23' title='bbox 296 777 402 822; x_wconf 89' lang='lat' dir='ltr'>neruo</span> <span class='ocrx_word' id='word_1_24' title='bbox 423 755 646 822; x_wconf 84' lang='lat' dir='ltr'>tormentisne</span> <span class='ocrx_word' id='word_1_25' title='bbox 668 753 704 818; x_wconf 92' lang='lat' dir='ltr'>in</span> <span class='ocrx_word' id='word_1_26' title='bbox 726 753 832 820; x_wconf 83' lang='lat' dir='ltr'>cltum</span> <span class='ocrx_word' id='word_1_27' title='bbox 854 753 1096 840; x_wconf 86' lang='lat' dir='ltr'>exprimuntur,</span> <span class='ocrx_word' id='word_1_28' title='bbox 1120 777 1196 820; x_wconf 93' lang='lat' dir='ltr'>cum</span> <span class='ocrx_word' id='word_1_29' title='bbox 1220 760 1315 820; x_wconf 84' lang='lat' dir='ltr'>extra</span> <span class='ocrx_word' id='word_1_30' title='bbox 1336 755 1446 820; x_wconf 89' lang='lat' dir='ltr'>uisum</span> 
     </span>
     <span class='ocr_line' id='line_1_5' title="bbox 262 862 1444 962; baseline -0.002 -31"><span class='ocrx_word' id='word_1_31' title='bbox 262 865 485 949; x_wconf 74' lang='lat' dir='ltr'>nexiliernnt,</span> <span class='ocrx_word' id='word_1_32' title='bbox 508 864 594 929; x_wconf 87' lang='lat' dir='ltr'>citra</span> <span class='ocrx_word' id='word_1_33' title='bbox 616 863 747 929; x_wconf 88' lang='lat' dir='ltr'>caelum</span> <span class='ocrx_word' id='word_1_34' title='bbox 768 870 883 928; x_wconf 89' lang='lat' dir='ltr'>tamen</span> <span class='ocrx_word' id='word_1_35' title='bbox 904 862 1097 928; x_wconf 88' lang='lat' dir='ltr'>flectuntur.</span> <span class='ocrx_word' id='word_1_36' title='bbox 1144 862 1257 941; x_wconf 82' lang='lat' dir='ltr'>Quid?</span> <span class='ocrx_word' id='word_1_37' title='bbox 1284 869 1322 929; x_wconf 90' lang='lat' dir='ltr'>tu</span> <span class='ocrx_word' id='word_1_38' title='bbox 1343 871 1444 962; x_wconf 78' lang='lat' dir='ltr'>putas</span> 
     </span>
     <span class='ocr_line' id='line_1_6' title="bbox 295 971 1473 1058; baseline -0.001 -18"><span class='ocrx_word' id='word_1_39' title='bbox 295 981 379 1058; x_wconf 91' lang='lat' dir='ltr'>tum,</span> <span class='ocrx_word' id='word_1_40' title='bbox 424 995 501 1038; x_wconf 90' lang='lat' dir='ltr'>cum</span> <span class='ocrx_word' id='word_1_41' title='bbox 538 971 682 1038; x_wconf 89' lang='lat' dir='ltr'>stolidus</span> <span class='ocrx_word' id='word_1_42' title='bbox 720 972 777 1038; x_wconf 90' lang='lat' dir='ltr'>ille</span> <span class='ocrx_word' id='word_1_43' title='bbox 815 995 876 1038; x_wconf 86' lang='lat' dir='ltr'>rex</span> <span class='ocrx_word' id='word_1_44' title='bbox 914 971 1130 1038; x_wconf 88' lang='lat' dir='ltr'>multitudine</span> <span class='ocrx_word' id='word_1_45' title='bbox 1170 971 1316 1038; x_wconf 86' lang='lat' dir='ltr'>telorum</span> <span class='ocrx_word' id='word_1_46' title='bbox 1355 972 1473 1040; x_wconf 78' lang='lat' dir='ltr'>dieme</span> 
     </span>
     <span class='ocr_line' id='line_1_7' title="bbox 296 1079 1444 1167; baseline -0.002 -19"><span class='ocrx_word' id='word_1_47' title='bbox 296 1084 502 1167; x_wconf 73' lang='lat' dir='ltr'>obscuraret,</span> <span class='ocrx_word' id='word_1_48' title='bbox 524 1080 628 1146; x_wconf 89' lang='lat' dir='ltr'>ullam</span> <span class='ocrx_word' id='word_1_49' title='bbox 650 1079 810 1166; x_wconf 70' lang='lat' dir='ltr'>sagittam</span> <span class='ocrx_word' id='word_1_50' title='bbox 831 1081 868 1145; x_wconf 90' lang='lat' dir='ltr'>in</span> <span class='ocrx_word' id='word_1_51' title='bbox 890 1080 996 1146; x_wconf 88' lang='lat' dir='ltr'>solem</span> <span class='ocrx_word' id='word_1_52' title='bbox 1017 1079 1185 1165; x_wconf 77' lang='lat' dir='ltr'><strong>incidisse,</strong></span> <span class='ocrx_word' id='word_1_53' title='bbox 1212 1089 1273 1147; x_wconf 89' lang='lat' dir='ltr'>aut</span> <span class='ocrx_word' id='word_1_54' title='bbox 1294 1081 1444 1148; x_wconf 83' lang='lat' dir='ltr'>demissis</span> 
     </span>
     <span class='ocr_line' id='line_1_8' title="bbox 294 1189 1544 1284; baseline 0 -28"><span class='ocrx_word' id='word_1_55' title='bbox 294 1192 330 1256; x_wconf 90' lang='lat' dir='ltr'>in</span> <span class='ocrx_word' id='word_1_56' title='bbox 362 1190 568 1278; x_wconf 82' lang='lat' dir='ltr'>profundum</span> <span class='ocrx_word' id='word_1_57' title='bbox 601 1190 729 1256; x_wconf 87' lang='lat' dir='ltr'>catenis</span> <span class='ocrx_word' id='word_1_58' title='bbox 752 1190 948 1276; x_wconf 73' lang='lat' dir='ltr'>Neptunum</span> <span class='ocrx_word' id='word_1_59' title='bbox 980 1189 1132 1276; x_wconf 87' lang='lat' dir='ltr'>potuisse</span> <span class='ocrx_word' id='word_1_60' title='bbox 1166 1191 1341 1278; x_wconf 70' lang='lat' dir='ltr'>confingi?</span> <span class='ocrx_word' id='word_1_61' title='bbox 1394 1191 1445 1259; x_wconf 89' lang='lat' dir='ltr'>Ut</span> <span class='ocrx_word' id='word_1_62' title='bbox 1538 1275 1544 1284; x_wconf 31' lang='grc' dir='ltr'>Ι</span> 
     </span>
     <span class='ocr_line' id='line_1_9' title="bbox 295 1297 1444 1388; baseline 0 -22"><span class='ocrx_word' id='word_1_63' title='bbox 295 1300 457 1366; x_wconf 89' lang='lat' dir='ltr'>caelestia</span> <span class='ocrx_word' id='word_1_64' title='bbox 484 1298 649 1365; x_wconf 87' lang='lat' dir='ltr'>humanas</span> <span class='ocrx_word' id='word_1_65' title='bbox 679 1320 798 1365; x_wconf 84' lang='lat' dir='ltr'>manus</span> <span class='ocrx_word' id='word_1_66' title='bbox 828 1298 995 1386; x_wconf 80' lang='lat' dir='ltr'>effirgiunt</span> <span class='ocrx_word' id='word_1_67' title='bbox 1017 1305 1052 1364; x_wconf 92' lang='lat' dir='ltr'>et</span> <span class='ocrx_word' id='word_1_68' title='bbox 1073 1298 1116 1364; x_wconf 87' lang='lat' dir='ltr'>ab</span> <span class='ocrx_word' id='word_1_69' title='bbox 1138 1297 1219 1382; x_wconf 90' lang='lat' dir='ltr'>his,·</span> <span class='ocrx_word' id='word_1_70' title='bbox 1237 1301 1294 1385; x_wconf 90' lang='lat' dir='ltr'>qui</span> <span class='ocrx_word' id='word_1_71' title='bbox 1316 1301 1444 1388; x_wconf 84' lang='lat' dir='ltr'>temple</span> 
     </span>
     <span class='ocr_line' id='line_1_10' title="bbox 295 1405 1443 1494; baseline 0.002 -20"><span class='ocrx_word' id='word_1_72' title='bbox 295 1409 433 1474; x_wconf 82' lang='lat' dir='ltr'>diruunt</span> <span class='ocrx_word' id='word_1_73' title='bbox 455 1431 494 1474; x_wconf 87' lang='lat' dir='ltr'>ac</span> <span class='ocrx_word' id='word_1_74' title='bbox 517 1407 696 1474; x_wconf 80' lang='lat' dir='ltr'>simulacra</span> <span class='ocrx_word' id='word_1_75' title='bbox 719 1406 879 1493; x_wconf 86' lang='lat' dir='ltr'>conflant,</span> <span class='ocrx_word' id='word_1_76' title='bbox 911 1405 996 1472; x_wconf 87' lang='lat' dir='ltr'>nihil</span> <span class='ocrx_word' id='word_1_77' title='bbox 1018 1407 1188 1473; x_wconf 84' lang='lat' dir='ltr'>diuinitati</span> <span class='ocrx_word' id='word_1_78' title='bbox 1209 1415 1362 1494; x_wconf 87' lang='lat' dir='ltr'>nocetur,</span> <span class='ocrx_word' id='word_1_79' title='bbox 1394 1411 1443 1476; x_wconf 87' lang='lat' dir='ltr'>ita</span> 
     </span>
     <span class='ocr_line' id='line_1_11' title="bbox 294 1515 1484 1606; baseline 0.005 -24"><span class='ocrx_word' id='word_1_80' title='bbox 294 1516 456 1603; x_wconf 89' lang='lat' dir='ltr'>quicquid</span> <span class='ocrx_word' id='word_1_81' title='bbox 487 1515 528 1581; x_wconf 90' lang='lat' dir='ltr'>fit</span> <span class='ocrx_word' id='word_1_82' title='bbox 558 1517 596 1581; x_wconf 88' lang='lat' dir='ltr'>in</span> <span class='ocrx_word' id='word_1_83' title='bbox 627 1517 817 1604; x_wconf 90' lang='lat' dir='ltr'>sapientem</span> <span class='ocrx_word' id='word_1_84' title='bbox 846 1523 1015 1602; x_wconf 89' lang='lat' dir='ltr'>proterue,</span> <span class='ocrx_word' id='word_1_85' title='bbox 1049 1517 1252 1603; x_wconf 83' lang='lat' dir='ltr'>petulanter,</span> <span class='ocrx_word' id='word_1_86' title='bbox 1286 1520 1441 1606; x_wconf 88' lang='lat' dir='ltr'>superbe,</span> <span class='ocrx_word' id='word_1_87' title='bbox 1457 1552 1484 1588; x_wconf 81' lang='grc' dir='ltr'>ιο</span> 
     </span>
     <span class='ocr_line' id='line_1_12' title="bbox 259 1624 1443 1714; baseline 0.001 -21"><span class='ocrx_word' id='word_1_88' title='bbox 259 1626 420 1693; x_wconf 73' lang='lat' dir='ltr'>anostra</span> <span class='ocrx_word' id='word_1_89' title='bbox 451 1631 648 1712; x_wconf 85' lang='lat' dir='ltr'>temptatur.</span> <span class='ocrx_word' id='word_1_90' title='bbox 706 1624 773 1711; x_wconf 73' lang='lat' dir='ltr'>,Aa</span> <span class='ocrx_word' id='word_1_91' title='bbox 805 1626 911 1690; x_wconf 88' lang='lat' dir='ltr'>satius</span> <span class='ocrx_word' id='word_1_92' title='bbox 944 1631 1018 1691; x_wconf 84' lang='lat' dir='ltr'>erat</span> <span class='ocrx_word' id='word_1_93' title='bbox 1050 1625 1218 1691; x_wconf 89' lang='lat' dir='ltr'>neminem</span> <span class='ocrx_word' id='word_1_94' title='bbox 1252 1649 1343 1713; x_wconf 90' lang='lat' dir='ltr'>esse,</span> <span class='ocrx_word' id='word_1_95' title='bbox 1384 1629 1443 1714; x_wconf 87' lang='lat' dir='ltr'>qni</span> 
     </span>
     <span class='ocr_line' id='line_1_13' title="bbox 292 1733 1442 1822; baseline 0.002 -21"><span class='ocrx_word' id='word_1_96' title='bbox 292 1734 406 1801; x_wconf 81' lang='lat' dir='ltr'>facere</span> <span class='ocrx_word' id='word_1_97' title='bbox 445 1733 579 1800; x_wconf 85' lang='lat' dir='ltr'>uellet.“</span> <span class='ocrx_word' id='word_1_98' title='bbox 646 1735 733 1800; x_wconf 83' lang='lat' dir='ltr'>Rem</span> <span class='ocrx_word' id='word_1_99' title='bbox 772 1733 946 1800; x_wconf 87' lang='lat' dir='ltr'>difficilem</span> <span class='ocrx_word' id='word_1_100' title='bbox 985 1741 1083 1820; x_wconf 81' lang='lat' dir='ltr'>optes</span> <span class='ocrx_word' id='word_1_101' title='bbox 1120 1733 1269 1808; x_wconf 85' lang='lat' dir='ltr'>humano</span> <span class='ocrx_word' id='word_1_102' title='bbox 1308 1737 1442 1822; x_wconf 78' lang='lat' dir='ltr'>generi,</span> 
     </span>
     <span class='ocr_line' id='line_1_14' title="bbox 292 1843 1441 1932; baseline 0.001 -22"><span class='ocrx_word' id='word_1_103' title='bbox 292 1845 538 1928; x_wconf 70' lang='lat' dir='ltr'>innocentiam,</span> <span class='ocrx_word' id='word_1_104' title='bbox 570 1850 606 1909; x_wconf 92' lang='lat' dir='ltr'>et</span> <span class='ocrx_word' id='word_1_105' title='bbox 626 1865 696 1909; x_wconf 86' lang='lat' dir='ltr'>non</span> <span class='ocrx_word' id='word_1_106' title='bbox 717 1843 792 1910; x_wconf 90' lang='lat' dir='ltr'>fieri</span> <span class='ocrx_word' id='word_1_107' title='bbox 814 1865 931 1909; x_wconf 89' lang='lat' dir='ltr'>eorum</span> <span class='ocrx_word' id='word_1_108' title='bbox 952 1843 1104 1928; x_wconf 89' lang='lat' dir='ltr'>interest,</span> <span class='ocrx_word' id='word_1_109' title='bbox 1128 1844 1184 1930; x_wconf 89' lang='lat' dir='ltr'>qui</span> <span class='ocrx_word' id='word_1_110' title='bbox 1206 1843 1331 1910; x_wconf 84' lang='lat' dir='ltr'>facturi</span> <span class='ocrx_word' id='word_1_111' title='bbox 1352 1853 1441 1932; x_wconf 89' lang='lat' dir='ltr'>sunt,</span> 
     </span>
     <span class='ocr_line' id='line_1_15' title="bbox 291 1951 1441 2039; baseline 0.002 -21"><span class='ocrx_word' id='word_1_112' title='bbox 291 1976 362 2020; x_wconf 90' lang='lat' dir='ltr'>non</span> <span class='ocrx_word' id='word_1_113' title='bbox 385 1953 466 2037; x_wconf 87' lang='lat' dir='ltr'>eius,</span> <span class='ocrx_word' id='word_1_114' title='bbox 495 1953 552 2038; x_wconf 89' lang='lat' dir='ltr'>qui</span> <span class='ocrx_word' id='word_1_115' title='bbox 573 1953 645 2038; x_wconf 88' lang='lat' dir='ltr'>pati</span> <span class='ocrx_word' id='word_1_116' title='bbox 667 1975 711 2018; x_wconf 92' lang='lat' dir='ltr'>ne</span> <span class='ocrx_word' id='word_1_117' title='bbox 733 1953 762 2018; x_wconf 87' lang='lat' dir='ltr'>si</span> <span class='ocrx_word' id='word_1_118' title='bbox 783 1952 845 2017; x_wconf 86' lang='lat' dir='ltr'>fiat</span> <span class='ocrx_word' id='word_1_119' title='bbox 867 1951 1004 2038; x_wconf 90' lang='lat' dir='ltr'>quidem</span> <span class='ocrx_word' id='word_1_120' title='bbox 1025 1957 1149 2039; x_wconf 88' lang='lat' dir='ltr'>potest.</span> <span class='ocrx_word' id='word_1_121' title='bbox 1194 1952 1302 2018; x_wconf 91' lang='lat' dir='ltr'>Immo</span> <span class='ocrx_word' id='word_1_122' title='bbox 1325 1955 1441 2020; x_wconf 87' lang='lat' dir='ltr'>nescio</span> 
     </span>
     <span class='ocr_line' id='line_1_16' title="bbox 292 2044 1482 2148; baseline 0.002 -20"><span class='ocrx_word' id='word_1_123' title='bbox 292 2085 336 2128; x_wconf 88' lang='lat' dir='ltr'>an</span> <span class='ocrx_word' id='word_1_124' title='bbox 379 2062 487 2148; x_wconf 85' lang='lat' dir='ltr'>magis</span> <span class='ocrx_word' id='word_1_125' title='bbox 526 2062 615 2126; x_wconf 88' lang='lat' dir='ltr'>uires</span> <span class='ocrx_word' id='word_1_126' title='bbox 656 2061 840 2148; x_wconf 83' lang='lat' dir='ltr'>sapientiae</span> <span class='ocrx_word' id='word_1_127' title='bbox 886 2044 1046 2126; x_wconf 87' lang='lat' dir='ltr'>ostendat</span> <span class='ocrx_word' id='word_1_128' title='bbox 1085 2060 1313 2146; x_wconf 83' lang='lat' dir='ltr'>tranquillitas</span> <span class='ocrx_word' id='word_1_129' title='bbox 1352 2063 1442 2129; x_wconf 90' lang='lat' dir='ltr'>inter</span> <span class='ocrx_word' id='word_1_130' title='bbox 1456 2095 1482 2132; x_wconf 79' lang='lat' dir='ltr'>n</span> 
     </span>
     <span class='ocr_line' id='line_1_17' title="bbox 291 2169 1441 2258; baseline 0.002 -22"><span class='ocrx_word' id='word_1_131' title='bbox 291 2171 503 2256; x_wconf 88' lang='lat' dir='ltr'>lacessentia,</span> <span class='ocrx_word' id='word_1_132' title='bbox 537 2171 625 2236; x_wconf 87' lang='lat' dir='ltr'>siout</span> <span class='ocrx_word' id='word_1_133' title='bbox 657 2169 839 2236; x_wconf 82' lang='lat' dir='ltr'>maximum</span> <span class='ocrx_word' id='word_1_134' title='bbox 872 2176 1110 2256; x_wconf 75' lang='lat' dir='ltr'>argumentum</span> <span class='ocrx_word' id='word_1_135' title='bbox 1143 2177 1196 2236; x_wconf 85' lang='lat' dir='ltr'>est</span> <span class='ocrx_word' id='word_1_136' title='bbox 1228 2171 1441 2258; x_wconf 85' lang='lat' dir='ltr'>imperatoris</span> 
     </span>
     <span class='ocr_line' id='line_1_18' title="bbox 292 2277 1383 2366; baseline 0.001 -21"><span class='ocrx_word' id='word_1_137' title='bbox 292 2280 393 2346; x_wconf 89' lang='lat' dir='ltr'>armis</span> <span class='ocrx_word' id='word_1_138' title='bbox 417 2279 563 2364; x_wconf 85' lang='lat' dir='ltr'>uirisque</span> <span class='ocrx_word' id='word_1_139' title='bbox 586 2279 748 2366; x_wconf 90' lang='lat' dir='ltr'>pollentis</span> <span class='ocrx_word' id='word_1_140' title='bbox 771 2285 846 2344; x_wconf 87' lang='lat' dir='ltr'>tuta</span> <span class='ocrx_word' id='word_1_141' title='bbox 867 2279 1032 2344; x_wconf 88' lang='lat' dir='ltr'>securitas</span> <span class='ocrx_word' id='word_1_142' title='bbox 1054 2280 1090 2344; x_wconf 91' lang='lat' dir='ltr'>in</span> <span class='ocrx_word' id='word_1_143' title='bbox 1112 2277 1261 2345; x_wconf 88' lang='lat' dir='ltr'>hostium</span> <span class='ocrx_word' id='word_1_144' title='bbox 1282 2287 1383 2347; x_wconf 85' lang='lat' dir='ltr'>terra.</span> 
     </span>
    </p>

    <p class='ocr_par' dir='ltr' id='par_1_3' title="bbox 259 2387 1479 3126">
     <span class='ocr_line' id='line_1_19' title="bbox 259 2387 1442 2474; baseline 0.002 -19"><span class='ocrx_word' id='word_1_145' title='bbox 259 2401 274 2455; x_wconf 99' lang='grc'>1</span> <span class='ocrx_word' id='word_1_146' title='bbox 377 2387 419 2454; x_wconf 89' lang='lat' dir='ltr'>V.</span> <span class='ocrx_word' id='word_1_147' title='bbox 464 2387 679 2474; x_wconf 82' lang='lat' dir='ltr'>Diuidumus,</span> <span class='ocrx_word' id='word_1_148' title='bbox 713 2389 741 2452; x_wconf 89' lang='lat' dir='ltr'>si</span> <span class='ocrx_word' id='word_1_149' title='bbox 773 2387 837 2452; x_wconf 90' lang='lat' dir='ltr'>tibi</span> <span class='ocrx_word' id='word_1_150' title='bbox 870 2387 1020 2472; x_wconf 89' lang='lat' dir='ltr'>uidetur,</span> <span class='ocrx_word' id='word_1_151' title='bbox 1055 2387 1197 2473; x_wconf 83' lang='lat' dir='ltr'>Serene,</span> <span class='ocrx_word' id='word_1_152' title='bbox 1231 2389 1388 2456; x_wconf 85' lang='lat' dir='ltr'>iniuriam</span> <span class='ocrx_word' id='word_1_153' title='bbox 1421 2413 1442 2457; x_wconf 85' lang='lat' dir='ltr'>a</span> 
     </span>
     <span class='ocr_line' id='line_1_20' title="bbox 293 2495 1441 2582; baseline 0.002 -20"><span class='ocrx_word' id='word_1_154' title='bbox 293 2497 508 2564; x_wconf 88' lang='lat' dir='ltr'>contumelia.</span> <span class='ocrx_word' id='word_1_155' title='bbox 564 2496 663 2561; x_wconf 88' lang='lat' dir='ltr'>Pn&#39;or</span> <span class='ocrx_word' id='word_1_156' title='bbox 688 2495 748 2562; x_wconf 89' lang='lat' dir='ltr'>illa</span> <span class='ocrx_word' id='word_1_157' title='bbox 769 2503 890 2562; x_wconf 87' lang='lat' dir='ltr'>natura</span> <span class='ocrx_word' id='word_1_158' title='bbox 912 2497 1050 2582; x_wconf 84' lang='lat' dir='ltr'>grauior</span> <span class='ocrx_word' id='word_1_159' title='bbox 1071 2503 1133 2582; x_wconf 86' lang='lat' dir='ltr'>est,</span> <span class='ocrx_word' id='word_1_160' title='bbox 1167 2495 1252 2562; x_wconf 85' lang='lat' dir='ltr'>haee</span> <span class='ocrx_word' id='word_1_161' title='bbox 1274 2497 1383 2564; x_wconf 91' lang='lat' dir='ltr'>leuior</span> <span class='ocrx_word' id='word_1_162' title='bbox 1406 2505 1441 2564; x_wconf 89' lang='lat' dir='ltr'>et</span> 
     </span>
     <span class='ocr_line' id='line_1_21' title="bbox 291 2604 1479 2694; baseline 0.005 -23"><span class='ocrx_word' id='word_1_163' title='bbox 291 2613 424 2671; x_wconf 88' lang='lat' dir='ltr'>tentum</span> <span class='ocrx_word' id='word_1_164' title='bbox 452 2605 605 2670; x_wconf 83' lang='lat' dir='ltr'>delicatis</span> <span class='ocrx_word' id='word_1_165' title='bbox 633 2605 756 2690; x_wconf 85' lang='lat' dir='ltr'>grauis,</span> <span class='ocrx_word' id='word_1_166' title='bbox 790 2627 857 2690; x_wconf 87' lang='lat' dir='ltr'>qua</span> <span class='ocrx_word' id='word_1_167' title='bbox 883 2627 954 2671; x_wconf 89' lang='lat' dir='ltr'>non</span> <span class='ocrx_word' id='word_1_168' title='bbox 974 2604 1156 2671; x_wconf 81' lang='lat' dir='ltr'>laeduntur</span> <span class='ocrx_word' id='word_1_169' title='bbox 1181 2604 1344 2694; x_wconf 90' lang='lat' dir='ltr'>homines,</span> <span class='ocrx_word' id='word_1_170' title='bbox 1377 2607 1438 2674; x_wconf 88' lang='lat' dir='ltr'>sed</span> <span class='ocrx_word' id='word_1_171' title='bbox 1453 2640 1479 2678; x_wconf 81' lang='lat' dir='ltr'>n</span> 
     </span>
     <span class='ocr_line' id='line_1_22' title="bbox 292 2713 1441 2784; baseline 0.003 -4"><span class='ocrx_word' id='word_1_172' title='bbox 292 2714 518 2780; x_wconf 87' lang='lat' dir='ltr'>offenduntur.</span> <span class='ocrx_word' id='word_1_173' title='bbox 584 2713 695 2779; x_wconf 81' lang='lat' dir='ltr'>Tanta</span> <span class='ocrx_word' id='word_1_174' title='bbox 733 2721 786 2779; x_wconf 87' lang='lat' dir='ltr'>est</span> <span class='ocrx_word' id='word_1_175' title='bbox 823 2720 938 2780; x_wconf 88' lang='lat' dir='ltr'>tamen</span> <span class='ocrx_word' id='word_1_176' title='bbox 971 2714 1159 2780; x_wconf 87' lang='lat' dir='ltr'>animorum</span> <span class='ocrx_word' id='word_1_177' title='bbox 1192 2714 1371 2782; x_wconf 73' lang='lat' dir='ltr'>dissolutio</span> <span class='ocrx_word' id='word_1_178' title='bbox 1405 2725 1441 2784; x_wconf 93' lang='lat' dir='ltr'>et</span> 
     </span>
     <span class='ocr_line' id='line_1_23' title="bbox 269 2822 1440 2909; baseline 0.002 -20"><span class='ocrx_word' id='word_1_179' title='bbox 269 2824 433 2909; x_wconf 76' lang='lat' dir='ltr'>nouitas,</span> <span class='ocrx_word' id='word_1_180' title='bbox 478 2830 517 2889; x_wconf 91' lang='lat' dir='ltr'>ut</span> <span class='ocrx_word' id='word_1_181' title='bbox 549 2822 687 2907; x_wconf 86' lang='lat' dir='ltr'>quidam</span> <span class='ocrx_word' id='word_1_182' title='bbox 718 2822 803 2888; x_wconf 89' lang='lat' dir='ltr'>nihil</span> <span class='ocrx_word' id='word_1_183' title='bbox 836 2822 991 2888; x_wconf 86' lang='lat' dir='ltr'>acerbius</span> <span class='ocrx_word' id='word_1_184' title='bbox 1023 2828 1160 2908; x_wconf 88' lang='lat' dir='ltr'>putent:</span> <span class='ocrx_word' id='word_1_185' title='bbox 1205 2823 1254 2890; x_wconf 88' lang='lat' dir='ltr'>sic</span> <span class='ocrx_word' id='word_1_186' title='bbox 1287 2825 1440 2892; x_wconf 88' lang='lat' dir='ltr'>inuenies</span> 
     </span>
     <span class='ocr_line' id='line_1_24' title="bbox 289 2929 1440 3021; baseline 0.003 -24"><span class='ocrx_word' id='word_1_187' title='bbox 289 2954 435 3018; x_wconf 87' lang='lat' dir='ltr'>seruum,</span> <span class='ocrx_word' id='word_1_188' title='bbox 473 2932 531 3020; x_wconf 90' lang='lat' dir='ltr'>qui</span> <span class='ocrx_word' id='word_1_189' title='bbox 568 2930 713 3018; x_wconf 86' lang='lat' dir='ltr'>flagellis</span> <span class='ocrx_word' id='word_1_190' title='bbox 747 2953 847 3017; x_wconf 84' lang='lat' dir='ltr'>quom</span> <span class='ocrx_word' id='word_1_191' title='bbox 881 2930 1033 3017; x_wconf 87' lang='lat' dir='ltr'>colaphis</span> <span class='ocrx_word' id='word_1_192' title='bbox 1067 2929 1163 2997; x_wconf 78' lang='lat' dir='ltr'>caedi</span> <span class='ocrx_word' id='word_1_193' title='bbox 1195 2933 1292 2998; x_wconf 84' lang='lat' dir='ltr'>molit</span> <span class='ocrx_word' id='word_1_194' title='bbox 1324 2935 1440 3021; x_wconf 88' lang='lat' dir='ltr'>etqui</span> 
     </span>
     <span class='ocr_line' id='line_1_25' title="bbox 289 3039 1440 3126; baseline 0.003 -20"><span class='ocrx_word' id='word_1_195' title='bbox 289 3045 434 3106; x_wconf 88' lang='lat' dir='ltr'>mortem</span> <span class='ocrx_word' id='word_1_196' title='bbox 456 3063 496 3106; x_wconf 85' lang='lat' dir='ltr'>oo</span> <span class='ocrx_word' id='word_1_197' title='bbox 519 3040 663 3106; x_wconf 88' lang='lat' dir='ltr'>uerbera</span> <span class='ocrx_word' id='word_1_198' title='bbox 684 3039 916 3106; x_wconf 78' lang='lat' dir='ltr'>tolerabiliore</span> <span class='ocrx_word' id='word_1_199' title='bbox 938 3039 1056 3106; x_wconf 88' lang='lat' dir='ltr'>credat</span> <span class='ocrx_word' id='word_1_200' title='bbox 1077 3063 1178 3126; x_wconf 87' lang='lat' dir='ltr'>quam</span> <span class='ocrx_word' id='word_1_201' title='bbox 1194 3043 1440 3110; x_wconf 87' lang='lat' dir='ltr'>contumeliosa</span> 
     </span>
    </p>

    <p class='ocr_par' dir='ltr' id='par_1_4' title="bbox 254 3148 1479 3564">
     <span class='ocr_line' id='line_1_26' title="bbox 254 3148 1479 3236; baseline 0.007 -24"><span class='ocrx_word' id='word_1_202' title='bbox 254 3148 404 3214; x_wconf 81' lang='lat' dir='ltr'>2uerba.</span> <span class='ocrx_word' id='word_1_203' title='bbox 459 3148 515 3214; x_wconf 84' lang='lat' dir='ltr'>Ad</span> <span class='ocrx_word' id='word_1_204' title='bbox 544 3155 657 3215; x_wconf 85' lang='lat' dir='ltr'>tantas</span> <span class='ocrx_word' id='word_1_205' title='bbox 679 3149 825 3236; x_wconf 86' lang='lat' dir='ltr'>ineptias</span> <span class='ocrx_word' id='word_1_206' title='bbox 847 3154 1049 3234; x_wconf 88' lang='lat' dir='ltr'>peruentum</span> <span class='ocrx_word' id='word_1_207' title='bbox 1071 3156 1133 3235; x_wconf 90' lang='lat' dir='ltr'>est,</span> <span class='ocrx_word' id='word_1_208' title='bbox 1168 3157 1298 3216; x_wconf 92' lang='lat' dir='ltr'>utnon</span> <span class='ocrx_word' id='word_1_209' title='bbox 1321 3151 1479 3223; x_wconf 76' lang='lat' dir='ltr'>dolorosa</span> 
     </span>
     <span class='ocr_line' id='line_1_27' title="bbox 288 3257 1437 3346; baseline 0.003 -24"><span class='ocrx_word' id='word_1_210' title='bbox 288 3262 422 3322; x_wconf 89' lang='lat' dir='ltr'>tantum</span> <span class='ocrx_word' id='word_1_211' title='bbox 460 3257 522 3322; x_wconf 90' lang='lat' dir='ltr'>sed</span> <span class='ocrx_word' id='word_1_212' title='bbox 556 3257 683 3323; x_wconf 81' lang='lat' dir='ltr'>doloris</span> <span class='ocrx_word' id='word_1_213' title='bbox 713 3257 873 3344; x_wconf 87' lang='lat' dir='ltr'>opinione</span> <span class='ocrx_word' id='word_1_214' title='bbox 899 3279 1076 3340; x_wconf 76' lang='lat' dir='ltr'>ueremur,</span> <span class='ocrx_word' id='word_1_215' title='bbox 1120 3279 1213 3324; x_wconf 87' lang='lat' dir='ltr'>more</span> <span class='ocrx_word' id='word_1_216' title='bbox 1241 3281 1437 3346; x_wconf 90' lang='lat' dir='ltr'>puerorum,</span> 
     </span>
     <span class='ocr_line' id='line_1_28' title="bbox 290 3363 1438 3452; baseline 0.007 -24"><span class='ocrx_word' id='word_1_217' title='bbox 290 3363 411 3450; x_wconf 91' lang='lat' dir='ltr'>quibus</span> <span class='ocrx_word' id='word_1_218' title='bbox 439 3372 567 3431; x_wconf 91' lang='lat' dir='ltr'>metum</span> <span class='ocrx_word' id='word_1_219' title='bbox 592 3365 717 3430; x_wconf 81' lang='lat' dir='ltr'>incutit</span> <span class='ocrx_word' id='word_1_220' title='bbox 738 3366 858 3430; x_wconf 87' lang='lat' dir='ltr'>umbra</span> <span class='ocrx_word' id='word_1_221' title='bbox 880 3371 916 3430; x_wconf 90' lang='lat' dir='ltr'>et</span> <span class='ocrx_word' id='word_1_222' title='bbox 936 3386 1158 3452; x_wconf 87' lang='lat' dir='ltr'>personarum</span> <span class='ocrx_word' id='word_1_223' title='bbox 1181 3366 1378 3435; x_wconf 85' lang='lat' dir='ltr'>deformitas</span> <span class='ocrx_word' id='word_1_224' title='bbox 1401 3375 1438 3436; x_wconf 89' lang='lat' dir='ltr'>et</span> 
     </span>
     <span class='ocr_line' id='line_1_29' title="bbox 290 3472 1439 3564; baseline 0.005 -26"><span class='ocrx_word' id='word_1_225' title='bbox 290 3473 476 3559; x_wconf 83' lang='lat' dir='ltr'>deprauata</span> <span class='ocrx_word' id='word_1_226' title='bbox 507 3472 623 3557; x_wconf 85' lang='lat' dir='ltr'>facies,</span> <span class='ocrx_word' id='word_1_227' title='bbox 667 3475 823 3540; x_wconf 82' lang='lat' dir='ltr'>lacrimas</span> <span class='ocrx_word' id='word_1_228' title='bbox 856 3495 938 3539; x_wconf 88' lang='lat' dir='ltr'>uero</span> <span class='ocrx_word' id='word_1_229' title='bbox 973 3483 1119 3540; x_wconf 87' lang='lat' dir='ltr'>euocant</span> <span class='ocrx_word' id='word_1_230' title='bbox 1150 3476 1289 3542; x_wconf 87' lang='lat' dir='ltr'>nomina</span> <span class='ocrx_word' id='word_1_231' title='bbox 1320 3499 1439 3564; x_wconf 86' lang='lat' dir='ltr'>parum</span> 
     </span>
    </p>
   </div>
   <div class='ocr_carea' id='block_1_3' title="bbox 296 3619 514 3630">
    <p class='ocr_par' dir='ltr' id='par_1_5' title="bbox 296 3619 514 3630">
     <span class='ocr_line' id='line_1_30' title="bbox 296 3619 514 3630; baseline 0 0"><span class='ocrx_word' id='word_1_232' title='bbox 296 3619 348 3626; x_wconf 83' lang='lat'>·—--</span> <span class='ocrx_word' id='word_1_233' title='bbox 358 3621 376 3627; x_wconf 87' lang='lat'>-·</span> <span class='ocrx_word' id='word_1_234' title='bbox 381 3621 514 3630; x_wconf 64' lang='lat'><em>———-.-</em></span> 
     </span>
    </p>
   </div>
   <div class='ocr_carea' id='block_1_4' title="bbox 288 3667 1344 3740">
    <p class='ocr_par' dir='ltr' id='par_1_6' title="bbox 288 3667 1344 3740">
     <span class='ocr_line' id='line_1_31' title="bbox 288 3667 1344 3740; baseline 0.003 -16"><span class='ocrx_word' id='word_1_235' title='bbox 288 3670 306 3724; x_wconf 80' lang='lat'><strong>2</strong></span> <span class='ocrx_word' id='word_1_236' title='bbox 324 3667 468 3738; x_wconf 76' lang='lat' dir='ltr'>sapientit</span> <span class='ocrx_word' id='word_1_237' title='bbox 485 3668 519 3734; x_wconf 87' lang='lat' dir='ltr'>A;</span> <span class='ocrx_word' id='word_1_238' title='bbox 538 3669 700 3739; x_wconf 81' lang='lat' dir='ltr'>sapientem</span> <span class='ocrx_word' id='word_1_239' title='bbox 717 3686 761 3738; x_wconf 73' lang='lat' dir='ltr'>ny.</span> <span class='ocrx_word' id='word_1_240' title='bbox 855 3669 873 3722; x_wconf 89' lang='lat'>4</span> <span class='ocrx_word' id='word_1_241' title='bbox 890 3667 1065 3724; x_wconf 83' lang='lat' dir='ltr'>exsilierunt</span> <span class='ocrx_word' id='word_1_242' title='bbox 1081 3686 1139 3740; x_wconf 52' lang='lat'>²⁴94</span> <span class='ocrx_word' id='word_1_243' title='bbox 1157 3669 1306 3726; x_wconf 86' lang='lat' dir='ltr'>exilierint</span> <span class='ocrx_word' id='word_1_244' title='bbox 1322 3670 1344 3727; x_wconf 94' lang='lat' dir='ltr'>A</span> 
     </span>
    </p>
   </div>
   <div class='ocr_carea' id='block_1_5' title="bbox 287 3764 1439 4049">
    <p class='ocr_par' dir='ltr' id='par_1_7' title="bbox 287 3764 1439 4049">
     <span class='ocr_line' id='line_1_32' title="bbox 288 3764 1438 3887; baseline 0.004 -27"><span class='ocrx_word' id='word_1_245' title='bbox 288 3806 306 3860; x_wconf 90' lang='lat' dir='ltr'>e</span> <span class='ocrx_word' id='word_1_246' title='bbox 332 3764 490 3860; x_wconf 59' lang='lat' dir='ltr'>obimus.</span> <span class='ocrx_word' id='word_1_247' title='bbox 516 3807 596 3860; x_wconf 64' lang='lat' dir='ltr'>*nu</span> <span class='ocrx_word' id='word_1_248' title='bbox 622 3806 703 3874; x_wconf 58' lang='lat' dir='ltr'>(cae.</span> <span class='ocrx_word' id='word_1_249' title='bbox 721 3822 754 3860; x_wconf 73' lang='lat' dir='ltr'>a.</span> <span class='ocrx_word' id='word_1_250' title='bbox 774 3807 803 3873; x_wconf 82' lang='lat'>1;</span> <span class='ocrx_word' id='word_1_251' title='bbox 831 3821 900 3860; x_wconf 69' lang='lat' dir='ltr'>eae.</span> <span class='ocrx_word' id='word_1_252' title='bbox 929 3789 953 3887; x_wconf 72' lang='lat' dir='ltr'>t)</span> <span class='ocrx_word' id='word_1_253' title='bbox 979 3804 1001 3861; x_wconf 86' lang='lat' dir='ltr'>A</span> <span class='ocrx_word' id='word_1_254' title='bbox 1110 3806 1245 3862; x_wconf 72' lang='lat' dir='ltr'>demissis</span> <span class='ocrx_word' id='word_1_255' title='bbox 1273 3809 1438 3882; x_wconf 59' lang='lat' dir='ltr'>naam</span> 
     </span>
     <span class='ocr_line' id='line_1_33' title="bbox 288 3888 1345 3964; baseline 0.004 -19"><span class='ocrx_word' id='word_1_256' title='bbox 288 3889 415 3946; x_wconf 80' lang='lat' dir='ltr'>dimissis</span> <span class='ocrx_word' id='word_1_257' title='bbox 434 3889 455 3946; x_wconf 94' lang='lat' dir='ltr'>A</span> <span class='ocrx_word' id='word_1_258' title='bbox 546 3891 562 3945; x_wconf 80' lang='grc'><strong>7</strong></span> <span class='ocrx_word' id='word_1_259' title='bbox 581 3891 673 3960; x_wconf 76' lang='lat' dir='ltr'>ttingi</span> <span class='ocrx_word' id='word_1_260' title='bbox 692 3888 726 3958; x_wconf 86' lang='lat' dir='ltr'>A;</span> <span class='ocrx_word' id='word_1_261' title='bbox 745 3890 907 3960; x_wconf 83' lang='lat' dir='ltr'>constringi</span> <span class='ocrx_word' id='word_1_262' title='bbox 925 3892 993 3946; x_wconf 80' lang='lat' dir='ltr'>coni.</span> <span class='ocrx_word' id='word_1_263' title='bbox 1010 3890 1166 3946; x_wconf 76' lang='lat' dir='ltr'>Pincianus</span> <span class='ocrx_word' id='word_1_264' title='bbox 1183 3899 1210 3948; x_wconf 79' lang='lat' dir='ltr'>et</span> <span class='ocrx_word' id='word_1_265' title='bbox 1225 3892 1345 3964; x_wconf 78' lang='lat' dir='ltr'>Bentley</span> 
     </span>
     <span class='ocr_line' id='line_1_34' title="bbox 287 3974 1439 4049; baseline 0.003 -17"><span class='ocrx_word' id='word_1_266' title='bbox 287 3977 305 4032; x_wconf 89' lang='lat'>8</span> <span class='ocrx_word' id='word_1_267' title='bbox 332 3975 379 4030; x_wconf 88' lang='lat' dir='ltr'>his</span> <span class='ocrx_word' id='word_1_268' title='bbox 397 3975 432 4044; x_wconf 91' lang='lat' dir='ltr'>A;</span> <span class='ocrx_word' id='word_1_269' title='bbox 459 3975 495 4030; x_wconf 89' lang='lat' dir='ltr'>iis</span> <span class='ocrx_word' id='word_1_270' title='bbox 518 3975 682 4046; x_wconf 70' lang='lat' dir='ltr'>Wesenbery</span> <span class='ocrx_word' id='word_1_271' title='bbox 784 3979 801 4030; x_wconf 88' lang='grc'><strong>9</strong></span> <span class='ocrx_word' id='word_1_272' title='bbox 827 3976 1001 4033; x_wconf 72' lang='lat' dir='ltr'>simidacra*</span> <span class='ocrx_word' id='word_1_273' title='bbox 1027 3974 1057 4045; x_wconf 89' lang='lat' dir='ltr'>A,</span> <span class='ocrx_word' id='word_1_274' title='bbox 1084 3993 1167 4032; x_wconf 64' lang='lat' dir='ltr'>nasu</span> <span class='ocrx_word' id='word_1_275' title='bbox 1184 3979 1278 4034; x_wconf 78' lang='lat' dir='ltr'>littera</span> <span class='ocrx_word' id='word_1_276' title='bbox 1295 3981 1390 4049; x_wconf 72' lang='lat' dir='ltr'>aliona</span> <span class='ocrx_word' id='word_1_277' title='bbox 1407 3981 1439 4035; x_wconf 83' lang='lat' dir='ltr'>in</span> 
     </span>
    </p>
   </div>
   <div class='ocr_carea' id='block_1_6' title="bbox 287 4064 1438 4356">
    <p class='ocr_par' dir='ltr' id='par_1_8' title="bbox 287 4064 1438 4356">
     <span class='ocr_line' id='line_1_35' title="bbox 287 4064 1334 4186; baseline 0.004 -18"><span class='ocrx_word' id='word_1_278' title='bbox 287 4115 343 4180; x_wconf 76' lang='lat' dir='ltr'>fine</span> <span class='ocrx_word' id='word_1_279' title='bbox 359 4131 465 4170; x_wconf 67' lang='lat' dir='ltr'>vernn.</span> <span class='ocrx_word' id='word_1_280' title='bbox 571 4116 602 4168; x_wconf 87' lang='lat'>10</span> <span class='ocrx_word' id='word_1_281' title='bbox 629 4115 721 4186; x_wconf 74' lang='lat' dir='ltr'>supbe</span> <span class='ocrx_word' id='word_1_282' title='bbox 748 4113 777 4180; x_wconf 85' lang='lat' dir='ltr'>A,</span> <span class='ocrx_word' id='word_1_283' title='bbox 804 4130 872 4169; x_wconf 83' lang='lat' dir='ltr'>corr.</span> <span class='ocrx_word' id='word_1_284' title='bbox 892 4131 934 4183; x_wconf 69' lang='lat' dir='ltr'>no.</span> <span class='ocrx_word' id='word_1_285' title='bbox 1043 4117 1073 4168; x_wconf 95' lang='grc'>11</span> <span class='ocrx_word' id='word_1_286' title='bbox 1100 4064 1231 4186; x_wconf 70' lang='lat' dir='ltr'>adeatins</span> <span class='ocrx_word' id='word_1_287' title='bbox 1254 4115 1334 4172; x_wconf 84' lang='lat' dir='ltr'>A¹-·</span> 
     </span>
     <span class='ocr_line' id='line_1_36' title="bbox 290 4199 1438 4271; baseline 0.001 -16"><span class='ocrx_word' id='word_1_288' title='bbox 290 4201 322 4255; x_wconf 87' lang='grc'>14</span> <span class='ocrx_word' id='word_1_289' title='bbox 348 4199 376 4269; x_wconf 77' lang='lat' dir='ltr'>ej</span> <span class='ocrx_word' id='word_1_290' title='bbox 395 4200 417 4258; x_wconf 92' lang='lat' dir='ltr'>A</span> <span class='ocrx_word' id='word_1_291' title='bbox 443 4202 486 4268; x_wconf 78' lang='lat' dir='ltr'>(nt</span> <span class='ocrx_word' id='word_1_292' title='bbox 502 4215 583 4267; x_wconf 75' lang='lat' dir='ltr'>saepe</span> <span class='ocrx_word' id='word_1_293' title='bbox 598 4214 651 4266; x_wconf 78' lang='lat' dir='ltr'>pro</span> <span class='ocrx_word' id='word_1_294' title='bbox 669 4199 743 4266; x_wconf 88' lang='lat' dir='ltr'>eius)</span> <span class='ocrx_word' id='word_1_295' title='bbox 849 4201 881 4254; x_wconf 84' lang='lat'>15</span> <span class='ocrx_word' id='word_1_296' title='bbox 908 4200 1068 4270; x_wconf 87' lang='lat' dir='ltr'>sapientiae</span> <span class='ocrx_word' id='word_1_297' title='bbox 1092 4201 1222 4256; x_wconf 86' lang='lat' dir='ltr'>ostendit</span> <span class='ocrx_word' id='word_1_298' title='bbox 1239 4201 1438 4271; x_wconf 82' lang='lat' dir='ltr'>tranquillitas</span> 
     </span>
     <span class='ocr_line' id='line_1_37' title="bbox 288 4284 1438 4356; baseline 0.003 -18"><span class='ocrx_word' id='word_1_299' title='bbox 288 4284 388 4354; x_wconf 81' lang='lat' dir='ltr'>Haupt</span> <span class='ocrx_word' id='word_1_300' title='bbox 404 4294 430 4342; x_wconf 80' lang='lat' dir='ltr'>et</span> <span class='ocrx_word' id='word_1_301' title='bbox 448 4285 579 4354; x_wconf 76' lang='lat' dir='ltr'>Mcdui93</span> <span class='ocrx_word' id='word_1_302' title='bbox 597 4284 743 4355; x_wconf 85' lang='lat' dir='ltr'>sapientia</span> <span class='ocrx_word' id='word_1_303' title='bbox 760 4285 889 4340; x_wconf 88' lang='lat' dir='ltr'>ostendit</span> <span class='ocrx_word' id='word_1_304' title='bbox 906 4285 1098 4356; x_wconf 83' lang='lat' dir='ltr'>tranqllitatis</span> <span class='ocrx_word' id='word_1_305' title='bbox 1116 4285 1138 4342; x_wconf 93' lang='lat' dir='ltr'>A</span> <span class='ocrx_word' id='word_1_306' title='bbox 1213 4289 1245 4343; x_wconf 91' lang='grc'>16</span> <span class='ocrx_word' id='word_1_307' title='bbox 1262 4287 1438 4343; x_wconf 73' lang='lat' dir='ltr'>lacessentia</span> 
     </span>
    </p>
   </div>
   <div class='ocr_carea' id='block_1_7' title="bbox 288 4377 1437 4544">
    <p class='ocr_par' dir='ltr' id='par_1_9' title="bbox 288 4377 1437 4544">
     <span class='ocr_line' id='line_1_38' title="bbox 288 4377 1437 4460; baseline -0.001 -15"><span class='ocrx_word' id='word_1_308' title='bbox 288 4385 334 4455; x_wconf 83' lang='lat' dir='ltr'>A¹,</span> <span class='ocrx_word' id='word_1_309' title='bbox 354 4390 401 4444; x_wconf 77' lang='lat' dir='ltr'>sed</span> <span class='ocrx_word' id='word_1_310' title='bbox 418 4391 519 4446; x_wconf 76' lang='lat' dir='ltr'>lineola</span> <span class='ocrx_word' id='word_1_311' title='bbox 534 4395 631 4456; x_wconf 79' lang='lat' dir='ltr'>posteo</span> <span class='ocrx_word' id='word_1_312' title='bbox 649 4404 731 4443; x_wconf 82' lang='lat' dir='ltr'>eraso</span> <span class='ocrx_word' id='word_1_313' title='bbox 747 4394 795 4444; x_wconf 81' lang='lat' dir='ltr'>est.</span> <span class='ocrx_word' id='word_1_314' title='bbox 874 4377 932 4443; x_wconf 77' lang='lat' dir='ltr'>sict</span> <span class='ocrx_word' id='word_1_315' title='bbox 948 4388 970 4446; x_wconf 94' lang='lat' dir='ltr'>A</span> <span class='ocrx_word' id='word_1_316' title='bbox 992 4395 1023 4445; x_wconf 80' lang='lat' dir='ltr'>nt</span> <span class='ocrx_word' id='word_1_317' title='bbox 1039 4388 1149 4458; x_wconf 69' lang='lat' dir='ltr'>mnus</span> <span class='ocrx_word' id='word_1_318' title='bbox 1253 4388 1437 4460; x_wconf 83' lang='lat' dir='ltr'>imperatoris</span> 
     </span>
     <span class='ocr_line' id='line_1_39' title="bbox 288 4467 1436 4544; baseline 0.003 -17"><span class='ocrx_word' id='word_1_319' title='bbox 288 4473 377 4528; x_wconf 85' lang='lat' dir='ltr'>armis</span> <span class='ocrx_word' id='word_1_320' title='bbox 404 4489 460 4543; x_wconf 78' lang='lat' dir='ltr'>n9.;</span> <span class='ocrx_word' id='word_1_321' title='bbox 488 4472 766 4543; x_wconf 49' lang='lat' dir='ltr'>imperatoriffarmis</span> <span class='ocrx_word' id='word_1_322' title='bbox 791 4471 813 4528; x_wconf 94' lang='lat' dir='ltr'>A</span> <span class='ocrx_word' id='word_1_323' title='bbox 840 4473 921 4540; x_wconf 74' lang='lat' dir='ltr'>(erue</span> <span class='ocrx_word' id='word_1_324' title='bbox 939 4473 996 4528; x_wconf 77' lang='lat' dir='ltr'>nid.</span> <span class='ocrx_word' id='word_1_325' title='bbox 1023 4474 1080 4540; x_wconf 90' lang='lat' dir='ltr'>est)</span> <span class='ocrx_word' id='word_1_326' title='bbox 1182 4475 1217 4528; x_wconf 83' lang='lat'>21</span> <span class='ocrx_word' id='word_1_327' title='bbox 1244 4467 1380 4531; x_wconf 74' lang='lat' dir='ltr'>offedunl</span> <span class='ocrx_word' id='word_1_328' title='bbox 1407 4474 1436 4544; x_wconf 89' lang='lat' dir='ltr'>A,</span> 
     </span>
    </p>
   </div>
   <div class='ocr_carea' id='block_1_8' title="bbox 288 4557 1437 4679">
    <p class='ocr_par' dir='ltr' id='par_1_10' title="bbox 288 4557 1437 4679">
     <span class='ocr_line' id='line_1_40' title="bbox 288 4557 1437 4679; baseline 0.002 -15"><span class='ocrx_word' id='word_1_329' title='bbox 288 4625 357 4665; x_wconf 83' lang='lat' dir='ltr'>corr.</span> <span class='ocrx_word' id='word_1_330' title='bbox 376 4627 419 4678; x_wconf 73' lang='lat' dir='ltr'>uo.</span> <span class='ocrx_word' id='word_1_331' title='bbox 506 4618 590 4666; x_wconf 82' lang='lat' dir='ltr'>tanta</span> <span class='ocrx_word' id='word_1_332' title='bbox 608 4613 624 4665; x_wconf 76' lang='lat' dir='ltr'>e</span> <span class='ocrx_word' id='word_1_333' title='bbox 642 4615 703 4664; x_wconf 77' lang='lat' dir='ltr'>tam</span> <span class='ocrx_word' id='word_1_334' title='bbox 721 4611 752 4664; x_wconf 85' lang='lat' dir='ltr'>in</span> <span class='ocrx_word' id='word_1_335' title='bbox 768 4625 826 4665; x_wconf 80' lang='lat' dir='ltr'>ros.</span> <span class='ocrx_word' id='word_1_336' title='bbox 845 4609 881 4666; x_wconf 83' lang='lat' dir='ltr'>A³</span> <span class='ocrx_word' id='word_1_337' title='bbox 969 4611 1004 4664; x_wconf 80' lang='lat'>24</span> <span class='ocrx_word' id='word_1_338' title='bbox 1021 4557 1297 4679; x_wconf 56' lang='lat' dir='ltr'>tolerabillrauorr.</span> <span class='ocrx_word' id='word_1_339' title='bbox 1317 4609 1437 4677; x_wconf 83' lang='lat' dir='ltr'>m.1)A</span> 
     </span>
    </p>
   </div>
   <div class='ocr_carea' id='block_1_9' title="bbox 0 0 1648 5244">
    <p class='ocr_par' dir='ltr' id='par_1_11' title="bbox 0 0 1648 5244">
     <span class='ocr_line' id='line_1_41' title="bbox 0 0 1648 5244; baseline 0 2"><span class='ocrx_word' id='word_1_340' title='bbox 0 0 1648 5244; x_wconf 95' lang='lat' dir='ltr'> </span> 
     </span>
    </p>
   </div>
  </div>
 </body>
</html>
