3286 5244
566 1651 985 1744 PRAEFATIO.

282 1995 371 2054 Anno
396 1996 477 2054 1879
505 2015 585 2054 noua
605 1993 803 2073 Dialogorum
826 1993 861 2052 L.
885 1994 1003 2054 Annaei
1026 1993 1159 2054 Senecae
1188 1993 1279 2053 editio
1308 2014 1344 2053 ex

196 2098 373 2158 recensione
395 2105 426 2157 et
447 2118 516 2158 cum
538 2106 686 2178 apparatu
709 2098 814 2158 critico
832 2096 998 2157 Hermanni
1009 2094 1110 2156 Adclfi
1122 2096 1232 2156 Kochii
1254 2095 1344 2176 prod-

197 2201 277 2276 iit*),
306 2222 396 2278 quam
417 2221 484 2280 ego,
507 2203 559 2280 qui
581 2203 709 2262 multum
731 2222 841 2281 operae
863 2199 997 2260 Senecae
1019 2200 1141 2279 scriptis
1164 2207 1196 2258 et
1217 2198 1345 2258 maxime

198 2304 320 2381 quidem
347 2305 395 2364 his
423 2306 498 2385 ipsis
519 2306 605 2366 libris
626 2304 866 2383 insumpsissem,
898 2311 933 2362 ut
953 2324 1009 2382 par
1031 2310 1105 2379 erat,
1138 2321 1256 2362 summa
1278 2323 1345 2363 cum

198 2408 408 2486 expectatione
440 2409 473 2467 iu
504 2427 612 2468 manus
645 2407 770 2487 sumpsi.
838 2405 1014 2483 Contigerat
1045 2405 1131 2480 mihi,
1166 2425 1234 2466 oum
1266 2425 1345 2465 anno

199 2511 389 2571 antecedenti
417 2531 473 2590 per
499 2511 671 2588 quindecim
698 2510 763 2570 dies
785 2509 950 2570 Mediolani
971 2527 1121 2585 uersarer,
1155 2517 1190 2568 ut
1212 2509 1346 2570 codicem

198 2615 442 2690 Ambrosianum,
475 2615 671 2693 praecipuum
698 2612 805 2673 borum
833 2612 979 2672 librorum
1008 2611 1133 2688 iontem,
1166 2613 1346 2690 inspicerem

198 2715 232 2776 'et
263 2717 313 2776 uel
344 2737 401 2796 per
431 2717 592 2778 nonnullos
623 2716 718 2776 libros
750 2717 885 2794 integros
919 2717 968 2776 uel
1000 2717 1031 2776 in
1064 2715 1167 2775 multis
1200 2715 1275 2775 locis
1308 2736 1345 2776 ex

202 2820 310 2880 ceteris
344 2819 473 2896 dialogis
506 2820 658 2898 excerptis
688 2839 756 2878 cum
786 2820 949 2898 exemplari
977 2819 1132 2879 Haasiano
1162 2817 1345 2892 conferrem3

202 2923 287 3002 coepi
313 2923 406 3000 igitur
431 2943 542 2983 nouam
563 2923 676 2983 Kochii
703 2922 903 2982 conlationem
929 2922 960 2982 in
987 2921 1075 2997 libro,
1109 2921 1160 2998 qui
1182 2923 1348 2982 consolatio

203 3025 242 3084 ad
263 3025 410 3086 Marciam
439 3025 623 3103 inscribitur,
658 3045 726 3086 cum
754 3046 822 3086 mea
849 3045 1033 3105 comparare.
1089 3023 1151 3084 Sed
1172 3025 1253 3085 baud
1275 3045 1349 3086 saue

202 3127 281 3187 laeto
303 3129 402 3188 animo
424 3129 462 3188 ab
485 3129 543 3188 hoc
565 3148 656 3208 opere
679 3128 821 3203 discessi;
851 3137 1046 3189 occurrerant
1066 3127 1146 3187 enim
1167 3129 1198 3187 in
1220 3129 1349 3206 singulis

202 3230 268 3290 fere
293 3231 413 3310 paginis
440 3232 544 3310 plures
571 3232 645 3308 loci,
678 3232 709 3292 in
737 3233 846 3310 quibus
873 3251 970 3292 meam
997 3231 1196 3292 conlationem
1224 3251 1292 3292 cum
1318 3232 1350 3290 in

201 3333 367 3394 minoribus
396 3341 461 3394 tum
489 3335 582 3394 etiam
609 3335 641 3394 iu
668 3335 790 3395 maioris
817 3334 960 3395 momenti
987 3335 1080 3394 rebus
1107 3335 1146 3408 ab
1174 3354 1225 3412 ea,
1259 3355 1349 3412 quam

201 3435 341 3496 Kocbius
362 3436 393 3496 in
416 3445 564 3517 apparatu
587 3437 691 3498 critico
714 3438 901 3514 exhibuerat,
935 3438 1108 3516 discrepare
1130 3437 1285 3515 uidebam;
1319 3447 1351 3500 et

202 3559 385 3617 quamquam
413 3541 561 3616 sciebam,
595 3560 687 3618 quam
716 3540 850 3600 difficilis
878 3541 927 3600 bic
955 3548 1038 3600 esset
1065 3539 1202 3600 codicum
1229 3562 1349 3623 compa-

202 3642 366 3702 randorum
394 3642 490 3721 labor,
524 3663 614 3720 quam
637 3643 727 3704 facile
750 3644 902 3704 erroribus
924 3643 1081 3719 obnoxius,
1115 3645 1227 3704 totiens
1249 3653 1349 3706 tumen

202 3745 435 3804 alterumutrum
455 3754 593 3806 nostrum
616 3765 735 3807 errasse
758 3748 934 3826 apparebat,
957 3753 992 3806 ut
1014 3753 1066 3806 aut
1087 3766 1173 3806 meae
1195 3755 1248 3808 aut
1268 3748 1350 3807 illius

203 3867 251 3908 me
291 3848 418 3908 maxime
456 3849 586 3928 puderet
621 3850 839 3929 neglegentiae.
906 3849 1093 3925 Quamquam
1131 3850 1191 3910 iam
1222 3859 1288 3910 tum
1319 3851 1350 3910 in

203 3950 395 4026 grauioribus
434 3950 555 4028 quidem
593 3953 686 4012 rebus
723 3953 853 4013 rectiora
891 3971 939 4011 me
978 3951 1092 4011 uidisse
1125 3959 1156 4010 et
1188 3951 1351 4013 adnotasse

203 4053 379 4130 sperabam;
413 4073 482 4115 nam
513 4075 581 4116 cum
608 4056 639 4115 in
660 4049 765 4134 plures
787 4075 890 4114 eorum
911 4055 1054 4132 locorum,
1087 4055 1118 4114 in
1141 4055 1251 4132 quibus
1272 4055 1352 4114 inter

203 4175 260 4215 nos
290 4155 547 4236 discrepabamus,
577 4178 637 4218 nou
663 4157 781 4236 uulgari
810 4157 899 4218 modo
921 4157 977 4219 sed
999 4157 1102 4217 dedita
1124 4177 1216 4237 opera
1236 4178 1285 4218 me
1306 4159 1351 4218 in-

221 4389 252 4457 ⁴l)
274 4389 369 4445 Huius
393 4391 530 4447 editionis
557 4391 705 4461 „dimissio
728 4391 823 4448 altera
844 4411 904 4448 non
926 4391 1070 4462 mutata“,
1097 4409 1171 4461 quae
1188 4409 1266 4447 anno
1286 4393 1353 4448 1884

274 4475 378 4532 Ulmae
404 4477 521 4548 prodiit,
552 4477 626 4533 nihil
652 4476 733 4532 aliud
759 4483 804 4532 est
830 4477 888 4533 nisi
914 4495 1000 4548 quam
1027 4477 1173 4545 Germani,
1200 4477 1231 4532 ni
1257 4477 1351 4546 fallor,

274 4562 355 4630 „eine
378 4563 602 4634 'Iitelauegabe“
626 4570 742 4619 uocant.
792 4563 914 4620 Uafram
941 4565 1017 4618 hanc
1043 4563 1184 4619 librorum
1208 4582 1351 4620 commen-

273 4641 434 4706 dandorum
452 4649 595 4706 rationem
605 4649 716 4718 Danici,
736 4655 877 4720 quantum
896 4650 964 4716 scio,
984 4649 1112 4704 nondum
1130 4649 1351 4704 noruntbiblio-

272 4736 365 4806 polae.
1136 4819 1149 4862 1
