3286 5244
259 373 328 436 XII

261 567 333 640 204,
358 567 392 638 4,
417 565 489 637 248,
514 565 548 636 3,
573 564 645 637 388,
670 564 708 621 16
732 569 903 638 occurrunt,
938 563 1003 623 eina
1025 563 1116 624 dubio
1138 565 1198 644 ipei
1220 567 1251 624 1¹
1274 563 1407 623 tribuen-

261 668 318 729 dae
346 663 439 743 eunt).
493 667 647 743 Denique,
682 664 763 742 quod
789 665 910 726 maximi
938 667 1080 728 momenti
1108 676 1165 743 eet,
1199 669 1274 729 haec
1301 685 1407 728 manue

260 793 315 852 por
336 778 433 832 totum
456 769 590 830 codicem
614 788 705 829 uoces
727 767 864 848 singulas
886 776 939 830 ant
954 789 1062 830 uocum
1078 771 1183 847 seriee,
1207 791 1284 848 quas
1301 791 1408 830 manue

260 876 357 954 prima
385 893 486 934 errore
509 872 660 946 omiserat,
695 879 748 932 aut
769 890 862 951 cupra
883 891 1006 934 cereum
1028 879 1081 933 aut
1102 873 1196 934 multo
1219 873 1408 952 frequentius

260 978 291 1038 in
323 976 458 1054 margine
491 974 610 1050 adiecit,
644 975 821 1054 plerumque
850 975 902 1052 ita,
937 982 971 1036 ut
999 976 1030 1035 in
1059 983 1145 1036 textu
1173 986 1286 1057 puncto
1316 997 1409 1056 supra

260 1099 381 1140 uersum
408 1079 507 1158 posito
535 1078 692 1154 indicaret,
727 1097 785 1154 quo
813 1077 880 1138 loco
908 1079 1021 1138 omieea
1047 1079 1208 1140 inserenda
1230 1087 1341 1154 essent,
1376 1087 1408 1139 et

260 1190 404 1262 punctum
427 1187 496 1242 ante
517 1183 612 1243 uerba
634 1181 754 1256 omioaa,
789 1180 919 1258 quaein
941 1182 1076 1260 margine
1098 1182 1239 1258 addebat,
1267 1183 1405 1256 iterarot3

259 1287 319 1346 huc
335 1285 430 1346 maior
446 1305 518 1365 pare
536 1304 638 1347 eorum
654 1283 788 1345 locorum
806 1284 946 1363 pertinet,
970 1303 1047 1360 quoe
1060 1283 1146 1346 Stud.
1158 1286 1224 1346 crit.
1237 1307 1267 1366 p.
1282 1287 1406 1346 15-34

260 1388 398 1464 tractaui,
433 1394 464 1448 et
492 1388 531 1449 de
558 1387 668 1465 quibus
696 1407 743 1448 me
765 1393 890 1467 proptor
911 1387 1046 1448 Fickerti
1069 1395 1234 1480 apparatos
1257 1387 1406 1450 condicio·

260 1511 329 1552 nem
357 1490 507 1552 interdum
529 1489 669 1550 dubitare
691 1489 849 1568 professus
872 1509 949 1566 eum,
983 1497 1083 1552 utrum
1104 1492 1179 1553 haec
1202 1491 1408 1553 additamenta

260 1593 433 1675 recipienda
455 1601 559 1664 essent
579 1613 684 1654 necne.
740 1593 802 1654 Sed
823 1593 933 1654 uellem
954 1587 1091 1656 Kocbiue
1113 1595 1288 1674 diligentius
1310 1595 1349 1656 ad
1371 1615 1408 1655 ea

260 1699 355 1758 uerba
365 1696 555 1772 attendisset,
568 1697 676 1774 quibue
687 1696 737 1757 hic
749 1715 823 1758 neue
834 1716 915 1772 eum,
933 1698 976 1759 ita
987 1698 1066 1760 enim
1077 1719 1106 1778 p.
1121 1701 1161 1759 14
1173 1719 1218 1776 eq.
1231 1698 1309 1759 dixi:
1330 1698 1407 1777 ,Hie

259 1801 334 1862 locis
356 1821 447 1878 quam
468 1801 597 1861 maxime
619 1819 696 1879 opus
719 1805 793 1876 erat,
816 1799 1023 1862 utFiokertue
1045 1802 1190 1864 certiores
1209 1801 1406 1875 confeceret,

261 1911 360 1965 utrum
382 1905 458 1966 hooc
481 1903 687 1964 additamenta
708 1904 747 1963 ab
770 1903 836 1981 ipso
859 1901 980 1966 librario
1011 1913 1075 1966 aut
1097 1911 1200 1966 certe
1222 1925 1240 1966 a
1262 1924 1407 1966 correc-

262 2015 344 2069 tore
371 2007 522 2084 aequali
549 2005 686 2086 proiecta
713 2013 826 2082 essent,
861 2027 899 2068 an
927 2007 1070 2068 seriorem
1097 2028 1219 2069 manum
1247 2008 1408 2070 ostendere

260 2110 450 2184 uiderentur,
489 2131 559 2172 nam
596 2111 623 2171 ei
655 2109 730 2170 illud
762 2108 878 2170 factum
910 2117 972 2186 eet,
1012 2112 1224 2172 auctoritatem
1257 2111 1409 2190 quandam

260 2214 375 2275 habant
396 2221 427 2274 et
447 2213 547 2290 fidem,
576 2220 610 2273 ut
630 2213 706 2274 haec
728 2232 761 2273 re
782 2233 855 2274 uera
876 2213 908 2273 in
931 2214 1095 2293 archetypo
1117 2213 1214 2276 fuisse
1236 2215 1407 2275 necessario

261 2317 327 2377 fare
348 2316 471 2377 credere
494 2337 650 2396 cogamur;
685 2316 733 2376 ein
755 2323 856 2376 autem
878 2317 977 2378 serius
999 2316 1155 2396 adscripta
1176 2325 1257 2394 eunt,
1290 2317 1408 2379 coniec-

262 2428 397 2480 turarum
423 2441 548 2482 numero
574 2418 714 2481 habenda
741 2426 821 2494 eunt,
855 2419 962 2497 bisque
990 2420 1064 2482 locis
1086 2421 1174 2482 nobie
1197 2439 1316 2499 quoque
1338 2441 1407 2480 con·

148 2569 155 2582 ,
261 2523 393 2584 iacturae
415 2529 533 2584 tentare
555 2523 668 2599 licebit,
691 2523 789 2584 sicubi
810 2523 918 2584 molius
941 2530 972 2584 et
993 2523 1112 2584 facibus
1134 2524 1210 2584 uitia
1227 2543 1283 2584 noe
1302 2524 1408 2584 tollore

262 2645 353 2704 poene
385 2621 621 2705 putauerimus.“
685 2625 717 2685 Si
749 2625 806 2686 hoc
837 2625 980 2688 memoria
1012 2627 1161 2688 tonuisset
1192 2633 1408 2706 praetereaque

263 2729 527 2792 animaduertisset
559 2727 710 2791 interdum
742 2749 790 2790 me
819 2729 906 2790 saleis
934 2730 1070 2792 Fickerti
1099 2730 1219 2792 indiciis
1248 2730 1409 2809 deceptum

263 2851 341 2907 eaeo,
373 2832 511 2911 plmibue
538 2833 613 2894 locie
640 2833 739 2893 minue
767 2832 868 2909 inique
890 2853 1007 2894 mecum
1030 2835 1152 2912 egisset.
1208 2833 1306 2908 Nunc,
1340 2853 1408 2892 cum
1518 2905 1521 2914 ,

263 2936 397 2997 codicem
425 2937 492 3016 ipse
518 2936 646 2998 uiderim
675 2943 706 2997 et
732 2935 1005 2998 additamentomm
1032 2938 1178 3016 originem
1199 2943 1408 3016 perscrutatus

263 3039 334 3114 eim,
368 3040 434 3100 eine
463 3039 524 3100 ulia
551 3040 738 3102 dubitatione
765 3061 803 3101 ea
829 3041 1050 3116 additamenta,
1084 3061 1161 3118 qnae
1189 3043 1222 3101 1¹
1250 3040 1407 3116 debentur,

263 3150 417 3220 tamquam
443 3144 574 3224 genuina
600 3143 758 3222 scriptoris
787 3145 880 3205 uerba
902 3145 1030 3224 recipio;
1065 3145 1103 3204 de
1125 3145 1193 3205 oiiie
1214 3165 1275 3204 non
1297 3143 1411 3202 frustra

263 3267 311 3306 me
344 3246 501 3308 dubitasse
540 3248 670 3308 conlatio
704 3246 817 3309 codicia
850 3247 991 3309 ostendit.
1058 3247 1174 3310 Eadem
1206 3247 1412 3308 additamenta

263 3349 402 3410 Kochiuo
429 3351 459 3410 in
487 3350 581 3429 praei.
606 3369 696 3429 pagg.
718 3349 798 3411 XVI
826 3369 892 3427 eqq.
916 3353 1113 3427 onumerauit,
1146 3351 1201 3411 eod
1223 3349 1412 3410 diuersarum

263 3473 404 3513 manuum
437 3453 643 3515 additamenta
675 3473 736 3512 non
769 3471 889 3532 semper
918 3461 1001 3514 recte
1028 3456 1108 3514 inter
1135 3474 1168 3516 ee
1196 3453 1334 3513 distinxit
1366 3447 1412 3526 (ut

263 3558 322 3616 iam
351 3577 444 3636 supra
471 3557 533 3616 dixi
560 3576 629 3616 eum
652 3555 810 3633 quaedam,
845 3577 923 3634 quaa
946 3557 1011 3618 eine
1034 3557 1124 3618 dubio
1148 3557 1187 3618 ad
1208 3575 1328 3617 manum
1350 3554 1410 3634 pri·

263 3677 342 3720 mam
365 3660 560 3738 pertinerent,
583 3659 622 3720 ad
645 3661 678 3718 1³
699 3655 877 3734 rettulisse).

348 3763 448 3841 Igitur
469 3769 553 3824 certe
573 3763 663 3824 huius
684 3781 792 3822 manus
815 3761 1018 3824 additamenta
1040 3763 1088 3824 hie
1110 3763 1186 3824 looie
1203 3760 1409 3822 inueniuntur:

264 3887 294 3946 p.
318 3869 348 3942 2,
379 3867 434 3938 17,
469 3869 498 3943 6,
522 3869 577 3942 28,
611 3868 642 3942 8,
665 3868 721 3941 21,
756 3867 786 3943 9,
810 3868 866 3941 21,
903 3867 1031 3942 10,15,
1068 3867 1197 3942 11,16,
1234 3865 1409 3940 14‚8sq.;

267 3971 316 4046 ιι,
341 3971 395 4044 103
425 3972 474 4046 19,
499 3973 553 4042 ιι,
582 3972 634 4045 ec,
657 3971 713 4042 ιω
743 3971 794 4046 aa,
820 3971 873 4044 ιε,
897 3971 947 4044 34,
971 3951 1027 4044 12,
1051 3970 1102 4044 37,
1126 3971 1181 4044 ιι,
1206 3969 1256 4044 46,
1280 3969 1299 4026 e
1323 3975 1354 4027 ec
1375 3969 1409 4040 e;

266 4077 317 4150 74,
342 4077 397 4149 14,
427 4075 478 4150 96,
503 4074 557 4146 17,
587 4075 637 4148 99,
661 4074 717 4148 25,
749 4075 820 4148 110,
844 4075 898 4148 28,
932 4073 1001 4148 117,
1025 4073 1059 4146 6,
1085 4073 1156 4146 137,
1181 4073 1235 4143 13,
1261 4071 1331 4146 168,
1356 4073 1409 4141 13,

267 4180 338 4254 171,
361 4180 417 4253 21,
443 4178 513 4251 176,
537 4177 572 4249 7,
598 4176 745 4251 177,16,
772 4177 917 4252 186,18,
941 4177 1088 4251 209,14,
1112 4175 1259 4250 227,16,
1283 4175 1356 4249 261,
1376 4175 1409 4248 3,

266 4281 337 4356 268,
362 4283 396 4354 3,
420 4281 492 4355 302,
518 4281 571 4354 10,
597 4281 668 4354 303,
695 4281 748 4352 16,
773 4281 845 4354 311,
871 4281 903 4352 1,
927 4279 999 4353 318,
1023 4281 1057 4352 2,
1082 4280 1154 4348 320,
1178 4279 1233 4349 23,
1258 4277 1330 4351 321,
1354 4278 1409 4350 21,

266 4385 338 4461 326,
361 4385 396 4458 8,
425 4384 497 4452 330,
523 4383 576 4458 13,,
608 4383 679 4457 374,
705 4385 719 4442 1
746 4402 828 4460 eqq.;
860 4384 931 4458 380,
956 4382 989 4454 7,
1019 4382 1091 4455 410,
1115 4382 1165 4441 22.
1210 4381 1330 4440 Rursus
1353 4381 1412 4440 alia

266 4493 346 4562 eunt,
380 4486 418 4546 de
450 4487 560 4564 quibua
593 4485 738 4560 dubitaui,
772 4492 872 4546 utrum
906 4483 945 4545 ad
977 4484 1011 4541 A'
1044 4504 1081 4544 an
1115 4483 1154 4544 ad
1187 4485 1220 4543 1³
1251 4481 1411 4544 referenda

266 4597 378 4666 essent,
413 4588 468 4649 eed
496 4609 572 4666 quae
602 4588 694 4648 nihilo
722 4589 820 4648 minue
848 4595 1000 4665 tamquam
1029 4593 1113 4647 certa
1135 4607 1170 4647 ac
1192 4587 1272 4647 bona
1293 4587 1408 4666 recapi;

265 4693 340 4752 haec
372 4691 420 4750 hio
452 4690 528 4752 locis
560 4692 767 4752 inueniuntur:
800 4711 830 4769 p.
860 4691 911 4766 37,
939 4691 974 4764 ὅ,
1008 4689 1059 4766 42,
1091 4691 1129 4749 15
1160 4685 1215 4766 (7),
1252 4690 1322 4764 186,
1353 4690 1408 4763 13,
