3230 5258
301 345 366 408 404
523 370 551 409 n.
575 369 693 410 aunam
714 369 850 410 amora
872 369 1073 414 cranoooavrr
1095 371 1155 412 nra.
1178 369 1234 410 xn.

301 551 452 598 maerore
483 532 550 597 cito
582 530 777 598 defunctam
798 532 968 598 iubebunt
991 553 1165 618 exurgere,
1200 531 1352 598 simodo
1375 531 1453 599 illas

299 639 424 706 intueri
446 639 541 705 uoles
563 639 717 724 feminas,
751 663 834 726 quas
859 649 1044 728 conspecta
1066 641 1174 706 uirtus
1197 641 1287 706 'mter
1308 663 1453 729 magnos

265 749 392 814 tuiros
414 749 538 835 posuit.
585 748 776 815 Corneliam
800 773 841 816 ex
864 749 1045 816 duodecim
1066 749 1183 815 liberis
1206 748 1250 814 ad
1273 748 1360 816 duos
1381 749 1453 816 for·

296 865 380 923 tuna
400 857 598 944 redegerat:
621 858 650 922 si
672 879 849 924 numerare
872 857 994 924 funera
1006 858 1185 925 Corneliae
1207 857 1306 944 uelis,
1329 861 1452 925 amise-

294 973 348 1033 rat
381 966 516 1051 dacem,
557 965 586 1032 si
620 967 817 1050 aestimare,
859 967 1018 1032 amiserat
1050 964 1240 1049 Gracchos;
1285 965 1477 1033 flentibuss

293 1081 409 1141 tamen
438 1076 529 1141 circa
555 1097 592 1138 se
621 1083 656 1140 et
683 1073 791 1140 fatum
820 1076 893 1140 eius
917 1075 1153 1141 execrantibus
1175 1073 1361 1158 interdixit,
1396 1077 1450 1142 ‘ne

293 1181 465 1250 fortunam
496 1189 703 1266 accusarent,
739 1184 912 1268 quaesibi
936 1183 1024 1249 filios
1048 1183 1222 1250 Gracchos
1245 1183 1449 1250 ademisset'.

293 1292 345 1357 Ex
368 1291 432 1358 hac
455 1291 583 1358 femina
605 1292 723 1358 debuit
744 1293 848 1376 nasci,
872 1292 930 1377 qui
952 1293 1084 1358 diceret
1104 1293 1140 1357 in
1164 1291 1341 1358 contione:
1378 1293 1452 1376 ,Tu

292 1401 391 1466 matri
418 1423 515 1467 meae
543 1401 631 1466 male
660 1400 762 1484 dicas,
798 1423 885 1486 quae
913 1423 967 1466 me
995 1399 1171 1488 peperit?“
1230 1399 1343 1466 Multo
1366 1400 1450 1466 mihi

292 1531 360 1576 uox
399 1510 517 1576 matris
556 1510 694 1575 uidetur
727 1509 926 1576 animosior:
971 1509 1061 1575 filius
1094 1529 1219 1595 magno
1254 1510 1451 1576 aestimauit
1465 1543 1490 1578 ιο

258 1617 526 1691 rGracchorum
557 1618 700 1702 natales,
741 1625 851 1683 mater
884 1625 918 1684 et
949 1617 1080 1685 fimare.
1148 1617 1277 1684 Rutilia
1312 1617 1451 1684 Cottam

293 1727 400 1793 filium
427 1733 545 1793 secuta
572 1733 625 1792 est
651 1728 688 1792 in
717 1727 855 1792 exilium
884 1733 918 1790 et
945 1749 1053 1812 usque
1082 1749 1122 1794 eo
1144 1724 1211 1792 fuit
1232 1725 1451 1812 indulgentia

295 1836 486 1918 constricta,
520 1843 559 1901 ut
592 1835 711 1902 mallet
738 1835 876 1900 exilium
903 1836 973 1922 pati
1002 1857 1104 1921 quam
1132 1833 1349 1920 desiderium,
1381 1859 1450 1902 nec

294 1951 374 2010 ante
396 1945 432 2010 in
454 1945 599 2031 patriam
622 1965 722 2030 quarn
746 1965 820 2010 cum
842 1943 912 2009 filio
935 1943 1052 2029 rediit;
1088 1943 1234 2009 eundem
1255 1944 1323 2010 iam
1345 1945 1449 2010 redu-

294 2075 368 2119 cem
397 2053 494 2118 etin
522 2076 558 2118 re
587 2052 724 2140 publica
751 2051 928 2118 florentem
956 2059 1026 2118 tam
1053 2050 1187 2119 fortiter
1210 2052 1322 2118 amisit
1344 2074 1449 2139 quam
1465 2087 1491 2122 rs

293 2169 413 2228 secuta
435 2168 496 2248 est,
524 2183 589 2226 nec
612 2162 790 2247 quisquam
813 2161 968 2226 lacrimas
992 2161 1064 2226 eius
1086 2167 1166 2249 post
1189 2161 1316 2226 elatum
1338 2161 1448 2226 lilium

292 2272 435 2337 notauit.
487 2270 528 2336 In
552 2271 691 2357 expulso
715 2269 876 2335 uirtutem
899 2268 1058 2354 ostendit,
1092 2271 1128 2336 in
1150 2269 1273 2335 amisso
1294 2269 1447 2357 pruden-

292 2379 390 2464 tiam;
424 2399 504 2445 nam
538 2385 572 2444 et
603 2378 689 2444 nihil
717 2379 808 2444 illam
836 2401 856 2444 a
882 2378 1013 2466 pietate
1041 2378 1206 2444 deterruit
1235 2384 1270 2444 et
1297 2377 1381 2444 nihil
1407 2380 1447 2444 in

292 2488 430 2553 tristitia
452 2509 665 2575 superuacua
686 2489 859 2573 stultaque
883 2486 1036 2553 detinuit.
1087 2488 1169 2554 Cum
1193 2485 1303 2552 histo
1326 2509 1444 2552 nume·

292 2598 358 2663 rari
381 2595 516 2662 feminis
539 2596 636 2662 uolo:
660 2583 802 2682 quarum
824 2598 930 2662 uitam
952 2619 1087 2684 semper
1108 2597 1239 2662 imitata
1257 2618 1305 2680 es,
1328 2617 1446 2662 earum
1459 2631 1485 2668 a

292 2705 328 2770 in
351 2705 541 2771 coercenda
564 2705 884 2792 comprimendaque
907 2705 1120 2793 aegritudine
1144 2704 1272 2792 optime
1292 2705 1445 2791 sequeris

293 2813 493 2902 exemplum.

260 2942 274 2993 1
376 2921 492 2988 XVII.
538 2922 616 2988 Scio
649 2944 721 2988 rem
753 2944 824 2989 non
858 2946 933 2989 esse
966 2923 1002 2988 in
1034 2929 1152 2990 nostra
1179 2928 1352 3009 potestate
1379 2944 1444 2988 neo

291 3030 398 3097 ullum
427 3029 600 3097 adfectum
623 3033 760 3114 seruire,
793 3031 930 3098 minime
953 3053 1035 3098 uero
1060 3053 1147 3114 eum,
1181 3031 1239 3115 qui
1263 3053 1305 3096 ex
1327 3030 1444 3097 dolore

290 3239 305 3290 l
323 3255 436 3292 merore
454 3237 474 3293 1
569 3237 679 3293 4ue1is
704 3236 875 3306 Weaerrtcr93
892 3239 985 3293 uelles
1004 3238 1025 3294 1
1119 3239 1136 3290 5
1154 3235 1318 3292 siastimara
1336 3236 1358 3292 1

289 3323 306 3376 6
323 3321 491 3392 11111031,
510 3323 581 3390 quod
597 3339 664 3377 acne
682 3322 817 3389 offendere
830 3331 930 3391 potest,
947 3339 996 3378 aec
1014 3331 1104 3378 ramea
1117 3322 1253 3390 corripere
1266 3325 1364 3387 emim,
1383 3338 1442 3377 cum

287 3423 436 3475 pronaum
452 3409 510 3472 fere
526 3407 712 3464 necessarium
721 3408 759 3463 ait
774 3415 800 3464 et
813 3427 897 3463 suum
913 3409 965 3464 air
979 3411 1133 3478 scriptum
1145 3406 1235 3474 suerit
1244 3405 1354 3474 amaa,
1374 3408 1445 3476 quod

288 3493 371 3548 nimis
392 3492 549 3562 ambipuum
571 3499 647 3560 eard,
674 3500 705 3548 ar
728 3493 790 3548 eius
814 3494 857 3548 uti
880 3501 1031 3564 copes-erra,-
1060 3493 1170 3562 εῑφιΐά
1187 3492 1378 3561 cantarem
1395 3501 1442 3562 est,

287 3579 380 3646 potiar
398 3597 429 3634 sa
447 3579 615 3648 crembam
633 3577 729 3634 fatum
746 3579 864 3636 saeuius
883 3583 953 3635 coni.
971 3579 1059 3646 Koch
1077 3579 1151 3648 meod
1167 3577 1278 3632 minine
1291 3579 1392 3646 placet

289 3662 693 3733 recommemorata
721 3666 793 3734 quod
809 3665 911 3735 Haupt
928 3665 1138 3728 ammarum
1165 3662 1296 3719 dedisset
1313 3663 1343 3733 1,
1370 3665 1445 3733 quod

291 3749 368 3804 sad.
388 3749 449 3805 erit
468 3751 484 3805 l.
504 3751 520 3806 l.
538 3749 588 3804 aar
605 3757 676 3806 recte
692 3751 837 3817 defendere
855 3758 971 3806 conates
987 3767 1069 3806 mm.
1172 3751 1191 3804 8
1216 3749 1323 3805 dicer&
1341 3749 1363 3806 1
1390 3749 1444 3818 (τά

289 3852 323 3890 m.
343 3835 494 3904 tiaras.)
598 3837 630 3890 10
653 3835 821 3892 aestimauit
838 3837 950 3905 Ηαωις
977 3835 1128 3893 estimabit
1147 3835 1181 3904 1;
1205 3835 1380 3892 aestimabat
1398 3853 1442 3904 ay.

395 3973 427 4027 13
452 3922 542 4028 malet
568 3973 649 4040 (corr.
667 3989 701 4027 m.
720 3971 788 4039 1)1
892 3975 925 4028 14
952 3991 1018 4028 eum
1036 3971 1096 4028 filio
1114 3989 1174 4042 aaz
1202 3971 1340 4029 cufilicll

292 4112 324 4165 15
349 4111 380 4166 in
399 4109 441 4166 n.
460 4109 491 4165 P.
511 4110 533 4166 1
637 4111 669 4164 re
695 4071 865 4181 polanae
877 4156 880 4161 .
893 4110 919 4178 (s
937 4111 1000 4166 aec.
1020 4128 1054 4166 m.
1073 4117 1103 4178 1,-
1133 4111 1241 4166 1cem
1257 4117 1328 4166 aar
1344 4111 1444 4166 areat

1384 4207 1394 4234 Ι

288 4265 324 4304 m.
342 4249 412 4314 211
501 4249 533 4302 18
550 4247 623 4303 niet’
642 4249 693 4303 iau
710 4247 756 4315 A⁵3
775 4246 897 4302 nichilla
913 4247 958 4302 uel
975 4247 1066 4303 nichil
1085 4247 1114 4302 ia
1131 4247 1162 4305 1ι
1243 4248 1275 4301 19
1293 4246 1385 4302 cohi
1411 4255 1441 4302 te

290 4334 324 4390 15
340 4334 372 4388 in
388 4351 444 4390 rar·
535 4336 569 4388 21
588 4332 1030 4403 egritudine1detristitiatn
1047 4333 1204 4404 my.1l¹(?)
1291 4334 1327 4388 Ἦ
1343 4332 1443 4388 Βοίοτό

290 4420 325 4488 1;
352 4419 417 4473 Scio
441 4419 570 4476 delorem
594 4424 661 4474 coni.
685 4421 748 4475 clim
771 4421 928 4487 Pantanus,
956 4436 1044 4489 nuper
1069 4419 1253 4484 Uormlissen,
1281 4420 1352 4488 quod
1373 4426 1443 4474 certe

288 4512 401 4572 propter
425 4506 549 4574 prosim
574 4507 716 4576 aequarem
741 4523 796 4561 aon
818 4513 910 4574 potest
932 4507 1060 4574 meten,
1097 4507 1156 4562 siue
1182 4521 1249 4558 uera
1275 4512 1316 4560 eat
1341 4504 1442 4560 codic-ir

290 4593 432 4658 conpara
454 4592 513 4646 siue
533 4593 625 4660 satra·
652 4608 718 4647 nam
739 4592 932 4646 subobscurior
952 4592 1018 4646 mihi
1042 4607 1144 4660 ortoque
1166 4591 1276 4646 admo
1303 4589 1385 4658 (rem,
1412 4593 1443 4645 πί

289 4677 383 4743 fallor,
401 4677 614 4746 aegritudinem
631 4679 700 4733 dicit
715 4677 835 4746 Saea).
