3182 5252
345 373 409 440 292
574 399 601 437 n.
625 397 744 439 issaar
766 397 902 439 arsacis
923 397 1126 440 nrsnoooavu
1147 399 1207 440 cra.
1231 400 1273 439 nr,

345 583 423 649 pars
457 559 632 627 hominum
666 567 727 644 est,
762 583 848 646 quae
882 561 1085 647 nauigatura
1119 561 1161 627 de
1195 569 1399 649 tempestate
1427 585 1489 628 non

345 669 483 757 cogitat.
528 670 721 755 Numquam
742 691 797 734 me
819 669 857 734 in
879 671 978 752 (uoce)
1001 669 1093 737 bona
1115 670 1195 736 mali
1216 671 1360 757 pudebit
1383 679 1489 737 aucto-

344 780 405 845 ris:
440 778 623 861 Publilius,
656 777 795 864 tragicis
836 778 1041 864 comicisque
1080 777 1316 845 uehementior
1344 779 1489 865 ingeniis

344 887 502 975 quotiens
535 886 688 952 mimicas
715 887 863 973 ineptias
893 895 929 952 et
955 886 1062 952 uerba
1093 887 1137 952 ad
1165 909 1330 952 summam
1350 908 1490 953 caueam

343 995 537 1084 spectantia
559 995 706 1080 reliquit,
738 995 829 1061 inter
850 996 958 1062 multa
981 994 1048 1061 alia
1070 997 1245 1078 cottumo,
1273 1017 1343 1060 non
1366 1003 1510 1064 tantums
1564 971 1565 1056 l

310 1195 312 1200 ι
343 1106 479 1192 sipario,
503 1103 647 1170 fortiora
671 1110 706 1168 et
727 1101 793 1169 hoc
817 1105 881 1170 ait:

532 1211 634 1268 Ouiuis
652 1218 751 1282 potest
768 1212 910 1280 accidere,
929 1212 1006 1282 quod
1024 1214 1162 1284 cuiquam
1179 1219 1290 1282 potest;

343 1321 409 1388 hoc
439 1322 469 1388 si
497 1322 572 1408 quis
599 1322 636 1386 in
663 1321 828 1388 medullas
857 1321 1032 1387 demiserit
1061 1329 1095 1388 et
1126 1321 1239 1388 omnia
1269 1321 1380 1388 aliena
1401 1320 1488 1403 mala,

344 1453 489 1517 quorum
514 1430 639 1517 ingens
671 1429 797 1496 cotidie
827 1431 925 1517 copia
948 1437 1010 1514 est,
1041 1431 1090 1496 sic
1113 1430 1293 1516 aspexerit,
1327 1438 1489 1516 tamquam

342 1539 487 1606 liberum
519 1539 585 1604 illis
620 1545 655 1604 et
688 1538 731 1604 ad
764 1561 801 1604 se
833 1539 900 1605 iter
933 1539 986 1623 sit,
1020 1539 1127 1605 multo
1162 1545 1241 1606 ante
1275 1561 1311 1604 se
1346 1538 1487 1619 armabit,
1501 1571 1518 1605 ιο

344 1670 446 1734 quam
468 1654 621 1734 potatu,
645 1669 720 1713 sero
744 1648 875 1713 animus
898 1647 943 1713 ad
959 1647 1189 1734 periculorum
1205 1647 1405 1734 patientiam
1420 1654 1488 1734 post

310 1756 497 1845 9pericula
524 1755 713 1821 instruitur.
767 1756 865 1842 ,Non
893 1757 1013 1843 putaui
1038 1757 1106 1822 hoc
1133 1754 1304 1822 futurum“
1335 1765 1370 1822 et
1397 1755 1488 1840 ,Um-

344 1888 447 1952 quam
469 1871 507 1931 tu
528 1862 597 1930 hoc
620 1869 822 1929 euenturum
846 1864 1049 1932 credidisses
1057 1850 1092 1930 ll‘
1137 1865 1248 1943 Quare
1272 1869 1385 1931 autem
1406 1863 1489 1929 non?

344 1996 432 2061 quae
455 1980 535 2039 sunt
559 1972 710 2057 diuitiae,
733 1995 818 2059 quas
840 1995 911 2038 non
934 1980 1069 2060 egestas
1094 1979 1129 2039 et
1150 1973 1258 2039 fames
1282 1980 1318 2038 et
1338 1971 1488 2038 mendici·

342 2089 397 2148 tas
427 2105 447 2147 a
475 2087 574 2168 tergo
606 2083 789 2166 sequatur?
823 2103 910 2166 quae
941 2081 1102 2169 dignitas,
1131 2083 1226 2149 cuius
1253 2103 1324 2148 non
1345 2087 1518 2168 praeter-a

345 2197 416 2256 tam
456 2196 491 2255 et
529 2191 671 2273 puleium
711 2196 747 2255 et
785 2190 859 2256 lora
896 2191 1040 2277 patricia
1079 2190 1196 2257 sordes
1230 2191 1432 2257 comitentur
1460 2195 1489 2252 et

345 2298 555 2384 exprobratio
578 2303 683 2364 notae
707 2303 742 2362 et
763 2298 856 2364 mille
874 2299 1026 2365 maculae
1045 2305 1079 2365 et
1099 2305 1251 2365 extrema
1268 2295 1488 2385 contemptio?

345 2405 438 2491 quod
459 2427 606 2492 regnum
630 2411 692 2490 est,
723 2407 779 2471 cui
806 2429 877 2472 non
905 2414 1025 2493 parata
1046 2407 1092 2472 sit
1112 2407 1212 2473 ruina
1235 2415 1270 2472 et
1291 2405 1488 2494 proculcatio

344 2521 379 2580 et
402 2513 559 2579 dominus
584 2519 620 2579 et
641 2512 819 2580 carnifex?
840 2515 913 2580 Nec
936 2515 1068 2602 magnis
1090 2515 1158 2582 ista
1179 2515 1371 2581 intemallis
1393 2513 1489 2578 diuisa

345 2625 457 2706 (cmi),
480 2621 543 2687 sed
564 2621 670 2688 horae
693 2629 904 2692 momentum
925 2624 1070 2689 interest
1091 2623 1181 2688 inter
1199 2623 1326 2689 solium¹
1339 2635 1374 2688 et
1390 2622 1516 2688 alienas

295 2763 327 2817 10
344 2753 467 2818 genua.
524 2730 619 2796 Scito
651 2752 733 2818 ergo
762 2753 898 2797 omnem
926 2731 1163 2798 condicionem
1191 2731 1395 2797 uersabilem
1422 2749 1486 2794 esse

344 2846 379 2906 et
402 2839 565 2927 quicquid
587 2839 623 2904 in
643 2838 749 2904 ullum
767 2840 909 2906 incurrit
925 2862 1026 2927 posse
1044 2841 1081 2905 in
1102 2846 1137 2906 te
1161 2861 1297 2927 quoque
1319 2840 1486 2905 incurrere.

343 2948 514 3035 Locuples
539 2969 592 3014 es:
626 2948 793 3033 numquid
820 2948 959 3015 diuitior
980 2949 1168 3036 Pompeio?
1202 2949 1257 3014 cui
1285 2971 1362 3015 cum
1384 2947 1486 3026 Gaius,

344 3062 443 3122 uetus
468 3063 645 3142 cognatus
667 3055 793 3143 hospes
815 3078 935 3142 nouos,
963 3058 1153 3144 aperuisset
1176 3057 1332 3122 Caesaris
1354 3056 1486 3133 domum,

343 3171 383 3230 ut
415 3186 511 3230 suam
546 3164 710 3250 eluderet,
744 3162 854 3230 defuit
886 3165 994 3252 panis,
1028 3188 1131 3253 aqua:
1167 3187 1245 3231 cum
1277 3171 1331 3230 tot
1362 3162 1515 3232 fluminea

343 3272 537 3360 possideret
569 3273 607 3338 in
640 3295 701 3338 suo
736 3273 890 3358 orientia,
924 3275 960 3338 in
993 3296 1055 3340 suo
1090 3274 1258 3359 cadentia,
1292 3271 1485 3340 mendicauit

348 3499 546 3506 —-.-.-—-—-.
551 3499 578 3505 .-

344 3635 451 3686 2uoce
470 3631 567 3686 addidi
594 3632 754 3698 (sententia
772 3633 936 3688 addideram
952 3633 1029 3690 Surd-
1048 3634 1108 3688 crit.
1128 3635 1144 3689 l.
1163 3633 1204 3699 t),
1232 3635 1303 3702 prod
1320 3640 1390 3688 certe
1406 3631 1487 3700 aptius

344 3725 386 3772 est
411 3732 494 3786 quam
519 3732 559 3784 re,
589 3719 661 3786 cased
687 3733 719 3772 eo
744 3733 826 3772 aona.
851 3715 873 3774 u
897 3719 962 3774 cdd.
989 3737 1033 3788 up.
1172 3719 1190 3773 3
1215 3717 1362 3774 Publilius
1387 3717 1487 3784 Haupt

344 3851 504 3925 publiusl
606 3805 767 3924 breliquid
784 3854 855 3911 ΑΜ
958 3854 1121 3912 coturnoll
1224 3855 1284 3910 asi
1303 3853 1423 3924 pariol

347 3941 379 3994 14
397 3945 514 4012 egestas
533 3938 555 3996 Α
661 3939 692 3994 16
711 3945 742 3996 et
759 3941 892 4008 galerum
910 3940 1010 4010 serpsi
1027 3941 1192 4010 (reperitur
1208 3943 1281 3995 araim
1299 3957 1402 4006 maren,
1428 3935 1487 4007 quod

345 4026 508 4094 &quitatem
534 4025 708 4080 amerdotum
727 4026 844 4094 proprie
870 4027 1020 4096 aptificat,
1047 4028 1099 4094 cfr.
1119 4021 1486 4097 Sooec.frcpm.§124ed.

345 4110 470 4178 nauem
497 4111 524 4166 ta
548 4110 689 4178 augurale
714 4109 743 4173 l.
771 4112 968 4179 quodfalsum
990 4128 1047 4168 esse
1065 4111 1184 4168 evomit
1201 4110 1335 4180 Madaipf
1354 4112 1402 4181 qai
1417 4125 1486 4180 prae·

346 4201 458 4250 textam
485 4195 656 4265 auguralem
682 4196 855 4250 scribendum
875 4213 934 4252 esse
956 4197 1082 4266 contrad,-
1110 4197 1158 4252 aed
1180 4199 1223 4250 ita
1239 4199 1427 4264 mpetum
1451 4192 1489 4262 ud

346 4288 412 4336 onte
428 4288 531 4336 ceteros
551 4281 710 4350 sipnificcri
724 4283 863 4347 debebant,
884 4299 1004 4350 proram
1022 4299 1078 4338 aon
1095 4282 1300 4352 amittantur.
1405 4281 1432 4336 l'l
1448 4295 1487 4333 ex·

345 4366 496 4436 probratio
516 4367 649 4436 Madui93
667 4367 833 4437 exportatio
852 4366 873 4423 A
951 4367 1031 4440 millp
1049 4368 1071 4426 Α
1148 4369 1183 4423 20
1200 4373 1217 4427 s'
1235 4369 1281 4435 t:
1299 4370 1380 4434 sunt)
1396 4362 1487 4422 addidi

448 4451 483 4508 23
500 4451 635 4523 pompeio
654 4452 683 4521 A,
702 4454 773 4522 prod
791 4453 918 4509 Muretus
934 4455 1044 4510 incerte
1061 4456 1092 4508 in
1109 4454 1280 4510 Ptolemaeo
1297 4456 1426 4521 mutuum·
1441 4448 1487 4503 oid·

345 4537 514 4606 dissertatio,
542 4554 624 4607 quum
652 4537 767 4594 (decade
791 4538 823 4592 ia
849 4540 975 4594 Nordr'at
1002 4538 1142 4606 lidekrr'rt
1166 4541 1188 4606 s.
1208 4539 1349 4609 Philolom'
1369 4539 1404 4593 N.
1421 4535 1445 4591 8.
1461 4531 1490 4586 Π

342 4639 372 4692 p.
396 4623 446 4678 186
468 4639 524 4692 sqq.
547 4622 673 4679 oseca
723 4623 827 4680 Mureti
850 4631 940 4680 mmm
962 4626 1124 4680 amantium
1147 4625 1241 4684 cauda
1262 4625 1391 4692 futilibus
1404 4625 1488 4691 poeta

346 4707 469 4773 defendit
486 4706 522 4762 Β.
540 4707 660 4764 liorem
676 4710 708 4763 ia
724 4709 791 4764 disc.
810 4709 888 4779 Ripa
907 4711 975 4766 1881
988 4725 1018 4779 p.
1038 4713 1071 4765 15
1089 4725 1128 4779 aq.
