3176 5248
292 379 355 444 222
515 403 543 441 a.
567 400 685 441 usuam
707 398 844 440 sunnone
865 399 1067 441 nunonem
1089 401 1149 441 nra.
1174 399 1228 440 vn.

293 565 373 630 inde
403 564 586 651 principia,
620 586 685 628 nec
714 562 804 628 enim
830 561 938 628 habet
967 563 1069 649 aliud,
1104 563 1196 628 unde
1224 568 1367 628 conetur
1390 567 1452 626 aut

293 675 384 738 unde
418 672 462 738 ad
495 695 614 737 uerum
646 672 811 758 impeturn
844 673 972 758 capiat,
1015 674 1071 755 (at)
1105 673 1142 736 in
1175 695 1211 737 se
1245 677 1449 736 reuertatur.

293 783 380 848 Nam
415 781 562 846 mundus
597 802 732 865 quoque
762 789 886 846 cuncta
914 782 1135 868 conplectens
1163 785 1345 865 rectorque
1374 778 1450 844 uni·

224 897 226 901 ’
293 891 385 956 uersi
408 890 491 955 deus
513 890 549 954 in
573 890 741 955 exteriora
764 889 903 975 quidem
924 890 1046 974 tendit,
1069 890 1132 955 sed
1153 897 1269 954 tamen
1284 889 1320 953 iu
1338 895 1450 953 totum

294 999 445 1085 undique
466 999 502 1063 in
524 1021 561 1064 se
584 997 689 1080 redit;
713 997 805 1064 idem
825 1005 945 1064 nostra
967 1021 1062 1064 mens
1084 996 1205 1064 faciat:
1229 1019 1307 1063 cum
1330 1003 1476 1062 secutas

295 1131 414 1172 sensus
445 1129 524 1172 suos
546 1129 608 1193 per
629 1106 708 1172 illos
731 1131 769 1172 se
793 1107 838 1174 ad
860 1115 1000 1173 externa
1022 1106 1222 1194 porrexerit,
1256 1113 1292 1170 et
1313 1105 1450 1171 illorum

261 1230 278 1281 5
297 1223 332 1282 et
354 1217 406 1281 sui
428 1222 550 1302 potens
574 1215 627 1281 sit.
672 1215 749 1281 Hoc
770 1215 873 1281 modo
897 1237 965 1282 una
982 1215 1150 1282 efficietur
1166 1214 1218 1280 uis
1237 1237 1277 1280 ao
1294 1221 1449 1301 potestas

297 1347 438 1390 concors
473 1323 548 1408 sibi,
588 1329 623 1388 et
655 1324 742 1388 ratio
776 1324 834 1390 illa
867 1332 961 1390 certa
991 1331 1153 1390 nascetur
1184 1345 1254 1389 uon
1277 1323 1448 1388 dissidens

296 1457 360 1498 nec
395 1432 570 1498 haesitans
598 1433 635 1497 in
663 1432 881 1518 opinionibus
910 1433 1292 1521 comprensionibusque
1320 1455 1387 1496 neo
1413 1431 1448 1495 iu

296 1541 526 1629 persuasione,
561 1565 647 1626 quae
677 1564 754 1607 cum
781 1565 818 1607 se
847 1541 1017 1629 disposuit
1039 1550 1075 1607 et
1096 1540 1251 1629 partibus
1275 1541 1344 1606 suis
1369 1562 1447 1605 oon·
1462 1567 1486 1602 ιο

297 1651 405 1717 sensit
427 1656 472 1734 et,
501 1656 541 1715 ut
561 1650 611 1716 ita
633 1649 754 1734 dicam,
779 1651 961 1736 concinuit,
984 1673 1151 1717 summum
1172 1649 1301 1716 bouum
1322 1649 1445 1736 tetigit.

263 1772 280 1825 6
298 1758 391 1825 Nihil
414 1759 504 1824 enim
525 1759 632 1845 praui,
655 1757 740 1823 nihil
761 1759 882 1824 lubrici
900 1767 1065 1847 superest,
1087 1758 1173 1825 nihil
1187 1758 1224 1824 in
1242 1781 1308 1845 quo
1329 1758 1448 1824 arietet

299 1875 357 1933 aut
383 1867 493 1952 labet3
524 1868 639 1932 omnia
664 1866 769 1933 faciet
792 1890 833 1933 ex
856 1868 997 1955 imperio
1021 1890 1093 1955 suc,
1121 1869 1272 1955 nihilque
1295 1867 1447 1952 inopina-

298 1983 371 2042 tum
398 1976 541 2061 accidet,
576 1977 637 2042 sed
666 1977 828 2063 quicquid
856 1986 977 2064 agetur
1004 1979 1041 2042 in
1069 1977 1197 2044 bonum
1221 1977 1327 2042 exibit
1347 1973 1447 2040 facile

299 2092 334 2150 at
361 2093 480 2172 parate
511 2091 546 2150 et
567 2085 641 2150 sine
663 2085 948 2172 tergiuersatione
972 2087 1123 2174 agentis:
1154 2109 1235 2152 nam
1255 2085 1395 2172 pigritia
1416 2091 1448 2148 et
1461 2109 1484 2146 n

297 2194 481 2260 haesitatio
503 2215 653 2280 pugnam
676 2202 711 2258 et
727 2195 993 2262 inconstantiam
1011 2194 1171 2261 ostendit.
1216 2194 1329 2271 Quare
1347 2193 1447 2259 auda-

300 2304 385 2368 citer
414 2303 497 2367 licet
524 2299 715 2388 profitearis
744 2325 912 2370 summum
932 2304 1062 2370 bonum
1085 2327 1159 2370 esse
1183 2303 1288 2369 animi
1311 2323 1447 2369 concor-

298 2411 406 2496 diam;
450 2410 595 2475 uirtutes
630 2410 720 2476 enim
751 2410 800 2476 ibi
838 2435 913 2478 esse
947 2413 1133 2499 debebunt,
1172 2411 1233 2478 ubi
1257 2432 1447 2502 ,consensus

300 2527 401 2605 atque
423 2519 537 2584 unitas
561 2519 639 2585 erit:
664 2519 831 2586 dissident
852 2522 945 2587 uitis.

267 2639 281 2692 l
387 2627 451 2692 IX.
505 2625 595 2713 ,Sed
617 2633 655 2692 tu
678 2627 831 2714 quoque“
855 2631 968 2715 inquit
997 2631 1178 2715 ,uirbrtem
1199 2651 1271 2696 non
1292 2628 1337 2695 ob
1360 2625 1483 2694 aliudn

300 2736 401 2821 colis,
446 2758 547 2822 quam
589 2736 669 2821 quia
709 2735 856 2823 aliquam
890 2761 932 2803 ex
964 2738 1024 2804 illa
1057 2761 1174 2826 speras
1208 2735 1445 2825 uoluptatem“
1566 2719 1567 2728 ἵ

146 2861 197 2917 fol.
213 2863 246 2916 51
254 2861 282 2902 v·
301 2845 309 2932 l
331 2845 482 2910 Primum
511 2866 591 2930 non,
626 2845 655 2910 si
676 2845 890 2932 uoluptatem
912 2854 1127 2934 praestatura
1147 2849 1255 2914 uirtus
1280 2853 1341 2932 est,
1373 2833 1446 2910 idco

299 2961 441 3041 propter
473 2953 562 3019 hauc
595 2954 738 3040 petitur3
779 2977 850 3020 non
884 2956 974 3022 enim
1006 2955 1095 3023 hauc
1128 2963 1290 3044 praestat,
1323 2955 1384 3021 sed
1416 2960 1448 3019 et

300 3061 398 3148 hano,
437 3084 502 3128 nec
534 3061 614 3127 huic
646 3061 791 3148 laborat,
830 3063 892 3128 sed
923 3064 1022 3130 labor
1056 3067 1138 3151 eius,
1172 3059 1327 3152 quamtus
1361 3061 1449 3129 aliud

266 3177 406 3258 apetat,
428 3170 494 3235 hoc
517 3192 652 3256 quoque
677 3171 891 3257 adsequetur.
937 3171 1033 3239 Sicut
1053 3174 1089 3238 in
1112 3196 1204 3260 aruo,
1228 3172 1320 3259 quod
1343 3171 1448 3258 segeti
1461 3195 1482 3231 n
1566 3219 1567 3222 η

299 3279 505 3367 proscissum
539 3286 600 3365 est,
646 3278 750 3364 aliqui
782 3279 883 3346 flores
916 3281 1202 3368 internascuntur,
1235 3303 1306 3347 non
1339 3286 1448 3346 tamen
1492 3299 1501 3310 ·

299 3387 380 3454 huic
401 3385 575 3472 herbulae,
598 3388 753 3472 quamuis
775 3387 925 3455 delectet
948 3390 1076 3475 oculos,
1110 3397 1244 3456 tantum
1267 3390 1380 3476 operis
1401 3389 1447 3454 in-

301 3503 473 3582 sumptum
502 3503 554 3562 est
576 3533 617 3544 -
640 3495 732 3562 aliud
755 3497 819 3562 luit
841 3498 968 3564 serenti
989 3499 1213 3586 propositum,
1245 3499 1313 3565 hoc
1336 3520 1448 3586 super·

303 3826 317 3878 1
336 3840 390 3878 nec
409 3827 457 3878 enl
475 3821 496 3878 l
513 3831 545 3880 nt
560 3840 613 3894 ny,
632 3840 687 3879 non
704 3830 735 3880 et
753 3829 808 3892 ent,
826 3832 857 3880 nt
874 3824 952 3880 Koch
968 3825 1060 3891 refert.
1113 3825 1187 3882 aliut
1204 3826 1251 3892 ΔΙ,
1276 3843 1346 3884 corr.
1364 3826 1401 3884 A·

301 3911 319 3964 2
336 3916 368 3962 ct
385 3909 491 3975 addidi,
508 3907 788 3966 ciricsceatte.
841 3909 858 3964 3
875 3910 1001 3966 mundus
1018 3927 1101 3966 nonn.
1120 3909 1142 3968 l)
1160 3919 1188 3967 et
1203 3931 1256 3983 ny,
1275 3915 1326 3980 cfr.
1345 3931 1372 3983 p.
1384 3915 1450 3980 21‚1

302 3997 352 4062 (nn
370 3993 471 4050 mundi
488 3993 622 4064 norom
640 3995 820 4052 mundumll
872 3998 888 4050 4
906 3995 1034 4052 intotum
1051 3997 1098 4064 ΑΙ,
1116 3997 1232 4054 intottln
1258 3999 1293 4056 l⁵
1314 3998 1376 4067 (nc.
1395 4017 1451 4054 om·

303 4081 482 4150 uino;nnper
490 4080 595 4136 iterum
605 4082 1179 4152 scnbendmncsscmctcccniecttqm'dcm).
1215 4085 1452 4156 Gadexternarnl

477 4170 501 4206 ιι

356 4219 388 4273 12
406 4217 481 4273 ariet
523 4217 641 4286 l(corr.
660 4235 694 4273 m.
712 4221 732 4273 2
750 4227 799 4274 ortt
815 4219 958 4286 recentior)
1012 4221 1045 4276 15
1071 4227 1155 4291 parte
1174 4220 1201 4290 A,
1229 4238 1315 4290 snpra
1333 4224 1405 4293 qnod
1420 4241 1461 4292 n„

302 4319 353 4358 rec.
372 4303 495 4372 scripsit:
515 4303 540 4358 .i.
559 4309 661 4374 parate
680 4305 723 4371 (nt
740 4322 783 4374 ny.
803 4304 912 4372 editur).
1016 4306 1093 4374 tergi
1111 4307 1277 4364 uersatione
1296 4309 1348 4378 l¹;
1366 4309 1451 4378 tergi·

302 4391 469 4444 uersatione
487 4387 523 4444 ll
630 4391 663 4444 19
688 4397 773 4458 atqpr
798 4390 880 4457 (cras.
898 4391 947 4458 ue)
965 4392 1001 4460 ll*
1112 4394 1146 4448 22
1172 4394 1451 4462 prestatnmuirtus
1566 4415 1567 4418 ¹

305 4475 357 4543 h⁵3
383 4476 439 4530 stc.
465 4477 555 4541 fnisse
580 4481 729 4545 prestatur
755 4476 868 4531 auirtus
979 4479 1013 4532 24
1040 4479 1115 4533 aliut
1138 4467 1184 4546 Ρ,
1212 4495 1281 4536 corr.
1305 4480 1342 4537 d'
1566 4537 1567 4540 ,

304 4563 338 4616 25
356 4561 533 4632 adsequetur
551 4561 585 4628 n;
604 4561 772 4630 assequitur
789 4563 843 4616 daco
861 4558 891 4629 D,
908 4563 974 4629 sort.
991 4571 1069 4619 recte.
1150 4564 1233 4618 Sicut
1250 4565 1280 4619 in
1299 4583 1371 4620 aruo
1389 4565 1452 4630 &oq

304 4647 572 4714 nicromantiam
589 4649 646 4702 nid.
666 4647 742 4704 Stnd.
762 4649 819 4704 cn‘t.
836 4665 864 4716 ρ.
882 4651 944 4702 127.
1066 4650 1101 4704 26
1127 4649 1305 4720 proscissum
1331 4647 1451 4706 nonnl)
1566 4671 1567 4712 l

305 4733 624 4802 ctn9.;procissum1t
727 4736 762 4789 28
779 4734 854 4790 aliut
872 4733 918 4805 ΑΙ,
935 4751 1004 4792 corr.
1024 4734 1060 4794 d’
1566 4753 1567 4760 ’
