3286 5244
562 1189 602 1262 ·L.
627 1189 787 1264 ANNAEI
810 1189 992 1265 SENECAE

360 1347 829 1434 DIA'LOGORVM
876 1353 1097 1434 LIBER·
1136 1355 1198 1436 II.

645 1551 699 1606 An
726 1551 911 1620 serenavit

201 1721 284 1782 NEC
303 1724 483 1819 INIVRIAM
507 1717 583 1786 NEC
601 1728 890 1790 CON'PVMELIAM
910 1729 1104 1789 ACCIPERE
1124 1729 1351 1788 SAPIENTEM

531 1875 585 1942 (οΕ
604 1874 809 1932 corsuum
828 1873 1020 1943 sarientis.)

287 2164 314 2230 Ι.
361 2121 532 2234 Tantum
554 2169 644 2236 inter
666 2169 811 2256 Stoicos,
841 2169 979 2255 Serene,
1002 2176 1037 2236 et
1060 2176 1192 2235 ceteros
1215 2167 1384 2254 sapien-1
1476 2239 1480 2247 ,

202 2277 285 2342 tiam
311 2277 485 2364 professos
512 2285 678 2348 interesse
709 2289 871 2367 quantum
899 2283 990 2348 inter
1016 2281 1160 2348 feminee
1184 2292 1219 2346 et
1239 2301 1351 2345 mares

201 2407 271 2452 non
299 2387 456 2455 inmerito
487 2389 638 2475 dixerim,
672 2413 749 2456 cum
771 2392 1038 2477 utraqucturba
1060 2391 1218 2456 aduitae
1241 2389 1349 2456 socie-

201 2501 306 2560 tatem
323 2497 524 2563 tantundem
542 2498 705 2584 conferat,
728 2499 790 2564 sed
807 2499 914 2565 altera
930 2523 1008 2587 pers
1027 2493 1071 2566 ad
1083 2498 1350 2585 obsequendum,

175 2603 309 2669 ⁵altera
347 2605 489 2692 imperio
527 2615 608 2674 nate
647 2608 701 2674 sit.
768 2608 881 2674 Ceteri
921 2609 1094 2695 sepientes
1134 2609 1282 2676 molliter
1316 2613 1351 2672 et

198 2707 335 2797 blande,
368 2720 407 2779 ut
433 2713 506 2780 fere
528 2717 708 2782 domestici
731 2721 766 2781 et
787 2715 971 2782 familiares
993 2717 1118 2782 medici
1140 2716 1251 2803 aegris
1275 2738 1349 2782 cor-

198 2821 349 2908 poribus,
383 2845 453 2889 non
475 2847 543 2909 qus
571 2826 736 2911 optimum
765 2831 800 2890 et
829 2826 1042 2891 celerrimum
1064 2832 1127 2911 cst,
1159 2825 1348 2908 medentur,

198 2930 260 2996 sed
283 2953 351 3016 qua
372 2931 468 3018 licet;
492 2932 599 2998 Stoici
621 2934 754 2999 uirilem
775 2935 922 3020 ingressi
940 2935 1030 3000 uiam
1049 2956 1128 3018 non,
1151 2939 1190 2998 ut
1207 2955 1350 2998 amoena

197 3039 394 3106 ineuntibus
424 3041 590 3126 uideatur,
624 3065 725 3108 curae
751 3041 891 3127 habent,
925 3043 986 3108 sed
1015 3047 1053 3107 ut
1081 3041 1349 3127 quamprimum

160 3167 261 3214 wnos
290 3149 412 3235 eripiat
441 3156 476 3214 et
503 3150 540 3214 in
560 3150 656 3215 illum
679 3150 808 3216 editum
829 3151 993 3216 uerticem
1016 3150 1148 3236 educat,
1182 3150 1240 3236 qui
1262 3149 1348 3215 adeo

197 3263 294 3322 extra
332 3279 466 3323 omnem
504 3259 565 3324 teli
602 3259 729 3324 iactum
768 3259 928 3344 surrexit,
972 3266 1017 3346 ut⁴
1043 3281 1146 3346 supra
1176 3257 1350 3324 fortunam

198 3366 355 3432 emineat.
413 3366 480 3452 „At
514 3367 634 3451 ardua,
666 3389 729 3453 per
756 3391 843 3453 quae
871 3391 1046 3452 nocemur,
1081 3375 1116 3433 et
1143 3365 1381 3454 confragosae

197 3473 305 3540 sunt.“
363 3473 452 3552 Quid
476 3477 587 3541 enim?
620 3475 723 3561 plano
746 3475 858 3542 editur
881 3476 1074 3542 excelsum?
1118 3475 1187 3541 Sed
1209 3497 1253 3540 ne
1276 3481 1346 3541 tam

429 3702 440 3730 ⁰

284 3743 298 3796 l
317 3742 426 3798 stoicos
444 3761 546 3799 serene
564 3743 586 3801 Α
604 3743 634 3810 (o
652 3760 673 3799 s.
691 3761 719 3800 u.
738 3745 801 3798 cdd
818 3761 892 3798 mors.
911 3745 987 3813 rec.);
1004 3744 1035 3798 in
1052 3759 1104 3812 my.
1123 3742 1175 3799 A‘:
1194 3740 1348 3799 Differeria

197 3822 241 3884 int
260 3827 347 3898 ph'os
366 3835 463 3884 sectas
481 3831 496 3883 7
514 3829 578 3882 leus
596 3834 720 3900 stoycott
811 3828 986 3884 Simmerito
1004 3829 1040 3886 A⁸
1128 3822 1262 3900 tostii

196 3912 495 3982 molliterffrtffblsnde
521 3911 557 3968 A'
587 3913 613 3981 (r
640 3915 664 3969 d
690 3915 723 3968 in
744 3932 815 3980 τηε-ς
842 3914 877 3971 Αι
907 3915 997 3968 eadem
1025 3914 1109 3969 uerte
1134 3915 1272 3980 habueri,
1299 3911 1349 3965 sed

196 3999 362 4054 mercem
388 4001 502 4067 scripta,
528 3998 569 4053 iic
595 4005 627 4052 ui
651 3998 676 4053 t.
697 4000 713 4054 l.
732 4000 804 4054 sicut
830 4017 912 4068 saepe
938 4000 1007 4054 oliti
1031 3999 1097 4053 tcec
1121 3999 1181 4053 scic
1204 4012 1290 4053 causo
1307 3995 1344 4052 A⁵

196 4084 352 4154 corriqecdi
390 4084 490 4150 ssent,
525 4091 558 4138 si
597 4085 682 4139 seta
720 4086 942 4154 diiunyeremcr3
978 4083 1133 4139 huiusmodi
1166 4083 1346 4138 correctiones

195 4171 307 4237 saepius
331 4185 387 4224 sos
409 4173 623 4236 commemoraui,
651 4170 698 4224 sbi
722 4177 822 4225 cetum
841 4179 887 4236 est,
906 4169 987 4244 ‚edil
1003 4169 1082 4223 aliud
1097 4168 1207 4222 rasuris
1224 4167 1346 4233 estesse)

281 4257 298 4310 6
316 4253 422 4310 blande
440 4253 475 4322 Α;
501 4254 608 4310 blenda
627 4261 719 4324 agunt
736 4257 804 4310 coni.
823 4253 901 4310 Koch
918 4256 989 4322 (ccii.
1008 4269 1080 4309 coss.
1098 4254 1136 4307 ad
1153 4253 1242 4307 Marc.
1261 4255 1285 4320 1,
1302 4251 1344 4321 5);

195 4356 244 4410 ecc
258 4343 354 4408 potius
373 4338 504 4396 Senecam
520 4343 610 4408 ipsum
628 4342 813 4410 neoleqentiss
830 4341 975 4409 scripsisse
992 4338 1163 4395 crediderim.
1228 4336 1306 4408 egris
1323 4338 1346 4396 Α

298 4427 317 4480 8
342 4424 486 4482 amenas
590 4427 621 4479 lo
649 4426 748 4496 qledeo
765 4425 815 4487 A⁵:
843 4427 918 4498 qado
936 4425 973 4482 Α1
993 4425 1108 4490 (sedicet
1123 4424 1156 4478 de
1173 4421 1220 4479 dei
1237 4423 1346 4478 nomine

196 4561 332 4630 recitans)
408 4519 758 4628 llisitd(ccrr.m.1)1t
833 4562 971 4624 fortuna!
1004 4561 1148 4616 seminest
1164 4558 1186 4615 Α
1204 4560 1285 4628 (eras.
1303 4561 1344 4626 m)

198 4697 380 4766 12at2srdue
390 4697 437 4766 A⁸;
456 4647 585 4768 odardus
599 4696 679 4753 ΑΜ
705 4655 708 4662 ι
751 4697 784 4751 13
801 4715 837 4754 nc
853 4697 887 4766 Α;
905 4699 936 4752 is
948 4696 1045 4766 ΜΛ·
1057 4696 1146 4754 adso.
1160 4716 1184 4768 ‘p
1198 4696 1297 4754 necui
1306 4699 1344 4754 nd
