3176 5248
326 339 388 405 156
507 349 510 354 ’
556 366 584 405 n.
608 363 727 408 Arum
748 365 886 408 aaaron
907 367 1108 414 nmnooonvn
1128 369 1190 408 run.
1213 369 1242 408 v.

325 529 418 594 tione
440 531 623 616 pugnacius
645 531 784 618 locutus,
805 553 856 616 es,
890 530 959 596 noli
982 541 1103 618 postea
1125 530 1288 620 congredi
1311 552 1389 596 cum
1411 531 1475 596 im-

295 637 457 726 peritis:
490 639 612 706 nolunt
639 640 784 725 discere,
819 641 876 725 qui
904 663 1087 726 numquam
1115 640 1316 706 didicenmt.
1373 640 1477 706 Illum

323 748 462 814 liberius
486 749 700 836 admonuisti,
723 771 824 836 quam
847 749 1012 832 debebas,
1040 751 1157 835 itaque
1179 771 1250 816 non
1272 749 1475 835 emendasti,

323 858 385 924 sed
415 855 602 943 offendisti3
637 858 679 924 de
703 865 816 924 cetero
840 857 934 942 uide,
968 881 1038 924 non
1066 865 1198 924 tantum
1220 881 1264 924 an
1286 880 1406 924 uerum
1430 859 1475 924 sit

324 967 415 1053 quod
438 967 540 1052 dicis,
571 967 632 1033 sed
654 990 697 1034 an
719 967 791 1050 ille,
821 967 875 1032 cui
898 967 1037 1052 dicitur,
1065 968 1138 1033 uari
1160 967 1294 1054 patiens
1317 968 1377 1032 sit:
1414 967 1500 1039 acl-s

322 1076 453 1142 moneri
474 1075 585 1141 bonus
608 1076 744 1160 gaudet,
767 1077 934 1162 pessimus
957 1077 1098 1162 quisque
1118 1081 1338 1142 correctorem
1355 1099 1473 1162 asper-

291 1183 407 1250 lrime
429 1185 566 1271 patitur,
621 1185 809 1250 XXXVII.
844 1186 886 1251 In
909 1185 1066 1251 conluuio
1090 1183 1301 1272 quorundam
1323 1191 1358 1248 te
1382 1185 1473 1250 sales

324 1299 359 1358 et
380 1293 416 1359 in
439 1292 590 1359 dolorem
611 1300 707 1358 tuum
727 1294 820 1360 iacta
838 1294 944 1360 uerba
960 1294 1163 1380 tetigerunt:
1187 1295 1295 1358 uitare
1313 1293 1473 1379 uolgares

324 1402 500 1468 conuictus
518 1410 704 1486 memento,
728 1403 870 1468 solutior
887 1411 940 1468 est
955 1409 1035 1490 post
1053 1403 1170 1468 uinum
1186 1401 1333 1486 licentia,
1353 1403 1472 1488 quibus

287 1517 366 1576 2ne
400 1511 523 1577 sobriis
557 1512 694 1597 quidem
725 1511 838 1598 pudor
871 1519 931 1578 est.
1003 1511 1133 1577 Iratum
1171 1509 1289 1576 uidisti
1323 1511 1508 1583 amicumo

321 1624 416 1684 tuum
439 1619 575 1685 ostiario
599 1621 760 1686 causidici
782 1620 923 1686 alictrins
946 1627 1006 1686 aut
1028 1620 1154 1703 dirutis,
1178 1620 1270 1707 quod
1284 1619 1472 1687 intrantem

322 1735 559 1814 summoueret,
583 1737 618 1794 et
634 1730 707 1815 ipse
723 1752 784 1816 pro
803 1729 861 1795 illo
880 1729 985 1795 iratus
1004 1735 1153 1794 extremo
1171 1729 1340 1816 mancipio
1357 1727 1470 1796 finisti:

320 1835 476 1902 irasceris
499 1859 581 1923 ergo
605 1838 778 1904 catenario
802 1839 900 1904 cani?
924 1845 959 1902 st
977 1835 1044 1922 hic,
1067 1860 1143 1902 cum
1160 1837 1304 1902 multum
1320 1837 1469 1923 labanit,
1550 1831 1557 1848 '

286 1942 457 2010 Bobiecto
481 1945 558 2011 cibo
589 1947 802 2013 mansuescit.
855 1946 994 2012 Recede
1021 1945 1156 2032 longius
1179 1951 1216 2010 et
1236 1945 1326 2012 ride!
1369 1945 1469 2012 Nunc

319 2051 385 2118 iste
418 2076 455 2118 se
489 2055 636 2140 aliquem
667 2063 782 2142 putat,
816 2055 908 2141 quod
941 2054 1092 2120 custodit
1122 2053 1334 2140 litigatorum
1367 2055 1469 2122 turba
1482 2089 1505 2126 a

319 2161 423 2228 limen
446 2164 636 2247 obsessum;
670 2185 761 2228 nuno
783 2163 856 2248 ille,
891 2164 948 2248 qui
969 2163 1059 2228 intra
1080 2163 1186 2247 iacet,
1208 2161 1290 2228 felix
1311 2162 1466 2230 fortuna·

319 2276 440 2355 tueque
471 2278 524 2336 est
553 2279 588 2337 ot
615 2272 708 2337 beati
735 2270 882 2337 hominis
910 2271 1039 2337 iudicat
1067 2295 1107 2337 ac
1129 2271 1281 2358 potentis
1302 2272 1467 2338 indicium

320 2376 495 2444 difficilem
517 2379 667 2446 ianuam:
690 2381 802 2446 nescit
824 2381 1040 2446 durissimum
1063 2403 1137 2446 esse
1160 2380 1286 2446 ostium
1308 2381 1464 2448 carceris.

319 2485 502 2553 Praesume
536 2489 647 2555 animo
681 2489 788 2554 multa
819 2489 883 2554 tibi
917 2512 992 2555 esse
1024 2489 1201 2593 patienda:
1236 2488 1394 2576 numquis
1429 2513 1465 2555 se

318 2592 430 2661 hieme
454 2596 566 2683 algere
589 2597 752 2664 miratur?
784 2597 943 2682 numquis
971 2597 1007 2663 in
1034 2597 1119 2662 mari
1147 2596 1319 2682 nausiare,
1352 2597 1389 2662 in
1411 2597 1502 2670 uiae
1582 2635 1583 2664 t

319 2706 479 2772 concuti?
516 2705 615 2772 fortis
656 2713 709 2772 est
741 2706 873 2773 animus
908 2706 952 2772 ad
985 2691 1071 2792 quae
1104 2711 1326 2792 praeparatus
1359 2707 1465 2772 uenit.
1582 2693 1583 2696 ¹

283 2813 431 2878 4Minus
460 2812 627 2882 honorato
660 2815 736 2881 loco
770 2814 902 2901 positus
931 2814 1033 2881 irasci
1066 2813 1209 2901 coepisti
1244 2814 1465 2899 conuiuatori,

318 2922 480 3009 uocatori,
503 2923 568 3010 ipsi
587 2923 645 3009 qni
662 2924 726 2989 tibi
743 2922 1016 3010 praeferebatur:
1041 2921 1191 3006 demens,
1214 2921 1297 3008 quid
1311 2922 1466 3008 interest,

318 3053 419 3116 quam
440 3031 523 3097 lecti
545 3054 678 3118 premas
700 3033 856 3119 partem?
888 3031 1120 3097 honestiorem
1142 3039 1177 3096 te
1201 3038 1259 3096 aut
1280 3031 1467 3117 turpiorem

282 3145 432 3225 tpotest
458 3139 573 3206 facere
601 3140 785 3227 puluinus?
828 3141 908 3206 Non
936 3139 1053 3225 aequis
1082 3139 1252 3226 quendam
1280 3139 1388 3206 oculis
1416 3141 1465 3206 ni·
1478 3177 1501 3214 s

318 3247 407 3331 disti,
432 3249 508 3333 quia
533 3248 576 3314 de
599 3249 736 3336 ingenio
759 3257 818 3314 tuo
841 3248 930 3314 male
958 3249 1093 3314 locutus
1123 3255 1190 3314 est:
1224 3247 1347 3334 recipis
1376 3247 1466 3314 hanc

315 3354 451 3440 legem?
485 3379 567 3443 ergo
596 3365 630 3422 te
654 3357 798 3441 EnniuS,
833 3378 899 3442 quo
929 3379 999 3422 non
1022 3355 1216 3438 delectaris,
1252 3356 1397 3440 odisset,
1433 3363 1467 3422 et

316 3464 538 3550 Hortensius,
572 3467 612 3546 (si
646 3469 802 3532 oraciones
836 3469 905 3530 cius
934 3463 1145 3550 improbares)
1180 3463 1368 3530 simultates
1403 3464 1466 3530 tibi

316 3563 498 3658 indiceret,
533 3579 567 3640 et
590 3573 725 3658 (licere,
760 3573 788 3639 si
817 3573 990 3638 derideres
1013 3571 1163 3636 carmina
1186 3572 1274 3657 eius,
1307 3572 1465 3639 inimicus

318 3687 416 3748 esset.
461 3681 525 3749 Uis
547 3689 586 3748 tu
608 3705 715 3768 aequo
739 3683 850 3748 animo
874 3681 946 3768 pati
970 3679 1170 3746 candidatus
1195 3677 1391 3766 suffragia!“
1477 3720 1499 3758 ω

316 3839 387 3847 -—--

317 3911 331 3963 1
354 3910 545 3980 pugnadusl
649 3930 680 3966 es
699 3909 718 3968 L
735 3917 767 3966 ut
782 3927 840 3979 πμ
867 3909 953 3965 estd
1055 3910 1072 3962 4
1094 3907 1170 3974 uida,
1199 3925 1257 3962 non
1274 3913 1391 3962 tantum
1407 3923 1464 3977 “94

315 3995 391 4051 uide.
410 4015 446 4052 ns
462 3997 467 4062 Ι
482 4015 540 4052 non
558 4002 643 4052 tantt
662 3994 715 4053 AL
816 3997 834 4050 6
852 4001 1011 4050 tractorem
1029 4011 1073 4063 ao.
1091 3993 1212 4048 etmulti
1231 3990 1265 4061 ὓς
1282 3995 1464 4050 rectoremd

435 4083 451 4137 7
474 4098 529 4152 sqq.
569 4081 667 4138 Etiam
687 4082 737 4136 tec
760 4088 845 4136 totum
862 4087 947 4148 caput
964 4078 1079 4135 Senecae
1095 4094 1184 4134 amm
1200 4078 1257 4146 ipa·
1274 4078 1465 4134 connectant&

314 4166 487 4223 mamm
504 4183 561 4222 csse
579 4169 666 4235 credo,
683 4167 801 4222 manac
814 4175 929 4235 propter
946 4163 968 4234 5
985 4167 1010 4232 6,
1029 4167 1061 4221 cl.
1080 4165 1163 4221 ocati
1180 4163 1259 4219 Noct
1276 4165 1333 4220 Aa.
1349 4163 1420 4232 ΧΠ,
1438 4167 1463 4218 2.

417 4255 434 4308 9
452 4253 557 4324 quibus
575 4253 675 4320 scripsi
693 4249 772 4307 stuc.
790 4251 850 4306 att.
869 4268 896 4319 p.
916 4253 982 4319 102;
1001 4249 1069 4319 quia
1088 4249 1108 4306 l
1126 4248 1146 4307 L
1234 4251 1266 4302 10
1284 4249 1391 4304 sobriis
1409 4267 1463 4319 “rt

316 4337 450 4395 sobriat
521 4341 554 4393 12
572 4339 710 4394 Extremo
729 4337 755 4392 .i.
774 4337 915 4416 uilissimo
934 4337 963 4390 in
980 4351 1031 4404 my.
1050 4335 1087 4392 A·
1161 4335 1193 4389 15
1210 4353 1241 4390 ss
1259 4334 1388 4404 aliquam
1404 4331 1463 4401 lt,

315 4441 371 4478 aon
389 4425 514 4494 aliquem
533 4443 572 4490 se,
590 4432 622 4480 ut
639 4425 719 4478 etiam
739 4422 817 4476 Koct
833 4423 919 4476 tutet
975 4422 1010 4475 22
1028 4420 1132 4492 cepisti
1149 4419 1171 4477 l
1222 4420 1258 4475 28
1275 4419 1301 4474 si
1319 4420 1463 4476 orationes

316 4507 378 4563 eius
404 4509 584 4578 improbares
611 4517 662 4563 aar
687 4509 802 4562 sirint-m
828 4509 989 4562 sestertium
1011 4507 1166 4561 αάἀαιόανη
1189 4521 1247 4560 carc
1269 4505 1344 4560 utcu
1359 4505 1463 4574 Haupt

393 4595 562 4650 simultatelt
572 4593 612 4648 ibi
631 4593 677 4657 Αῑ,
700 4609 770 4648 corr.
789 4598 819 4647 in
837 4590 1083 4658 simultatelffitibi
1101 4591 1138 4648 l·
1217 4590 1250 4645 30
1269 4597 1397 4661 tuaeque
1415 4590 1463 4656 Δις

315 4685 443 4750 tumque
461 4679 494 4735 A*
