3182 5252
471 433 740 476 insessurum
763 433 843 494 orio,
871 437 901 476 v.
1198 411 1262 478 259

118 594 244 682 singule
263 595 300 661 in
321 603 438 683 partes
462 595 693 682 discederent,
718 621 804 683 quoe
826 597 915 664 ratio
937 620 1047 664 mersa
1065 607 1099 664 et
1117 599 1262 666 confusa

117 703 293 788 diduxerit3
338 705 414 791 quis
445 705 523 770 loca
553 707 657 771 rebus
691 705 938 793 edsignouerit,
983 713 1104 793 suapte
1136 713 1260 774 nature

114 813 226 896 grauia
254 812 505 898 descenderint,
540 814 752 880 euolauerint
778 815 877 900 leuis,
912 838 956 880 en
983 821 1121 902 praeter
1147 817 1257 882 nisum

114 921 310 1007 pondusque
356 943 537 1010 corporum
578 922 679 988 altior
719 923 833 1010 eliqua
872 924 925 990 uis
964 924 1077 1010 legem
1117 923 1260 1010 singulis

88 1029 246 1114 sdixent3
270 1053 314 1096 an
335 1031 422 1096 illud
442 1053 562 1097 uerum
584 1032 639 1115 sit,
662 1053 729 1117 quo
752 1033 897 1098 maxime
919 1032 1084 1119 probetur
1104 1032 1260 1100 homines

112 1137 215 1203 diuini
248 1161 323 1205 esse
350 1139 504 1227 spi1itus,
538 1147 671 1226 partem
700 1163 739 1206 ao
766 1140 874 1206 ueluti
902 1140 1066 1206 scintillas
1094 1141 1259 1228 quasdem

111 1255 273 1313 astrorum
299 1248 337 1313 in
364 1255 491 1314 terram
520 1248 694 1314 desiluisse
725 1255 827 1334 etque
857 1249 967 1315 alieno
996 1249 1072 1315 loeo
1094 1248 1256 1316 haesisse.

110 1355 278 1442 Cogitatio
306 1363 425 1423 nostra
452 1357 540 1423 caeli
566 1357 777 1424 munimenta
799 1357 987 1444 perrumpit
1009 1380 1073 1422 nee
1097 1365 1294 1436 contentae

110 1469 165 1528 est
194 1463 238 1548 id,
277 1464 371 1550 quod
403 1465 603 1550 ostenditur,
643 1466 746 1532 scira:
794 1464 916 1552 „illud“
951 1466 1062 1552 inquit
1097 1473 1259 1552 ,scrotor,

73 1605 97 1641 ιο
110 1572 201 1657 quod
226 1575 316 1639 ultra
342 1573 507 1640 mundum
533 1573 632 1659 iacet,
666 1581 824 1640 utrumne
851 1571 1023 1661 profunda
1049 1576 1193 1642 uastitas
1216 1576 1261 1642 sit

110 1703 154 1746 en
175 1687 209 1746 et
229 1680 296 1747 hoo
318 1682 430 1769 ipsum
451 1682 605 1748 terminis
628 1681 698 1748 suis
722 1680 892 1768 cludotur;
923 1683 1032 1769 qualis
1054 1683 1099 1748 sit
1120 1683 1258 1750 habitus

110 1790 262 1874 exclusis,
295 1789 455 1856 informis
477 1797 512 1856 et
535 1788 676 1855 centissa
698 1790 776 1872 sint,
810 1791 848 1856 in
870 1813 1006 1857 omnem
1026 1799 1161 1879 partem
1182 1798 1257 1858 ten-

108 1897 246 1964 tundem
273 1899 342 1964 loci
371 1899 571 1986 optinentie,
606 1920 650 1964 an
683 1907 718 1965 et
746 1898 807 1964 illo
827 1899 863 1964 iu
887 1899 1032 1986 aliquem
1055 1900 1183 1966 cultum
1206 1899 1256 1966 di-

108 2007 233 2093 soripta
254 2008 339 2092 sint;
369 2006 449 2072 huic
472 2009 675 2073 cohaereant
694 2006 832 2092 munde,
857 2030 901 2072 on
922 2008 1025 2094 longe
1050 2007 1092 2074 ab
1115 2007 1181 2074 hoo
1204 2030 1256 2074 se-

71 2149 94 2186 is
108 2117 271 2181 cesserint
282 2123 318 2180 et
329 2120 349 2198 †
360 2115 417 2181 hic
427 2115 465 2180 in
475 2136 584 2180 uacuo
595 2114 807 2200 uolutentur3
819 2115 997 2182 indiuidua
1009 2117 1086 2202 sint,
1098 2139 1162 2204 per
1172 2139 1257 2202 quoe

107 2225 248 2290 struitur
275 2245 385 2309 omne,
420 2222 512 2309 quod
538 2229 657 2290 netum
684 2222 902 2310 futurumque
931 2233 992 2308 est,
1026 2247 1070 2290 cn
1097 2226 1259 2292 continue

108 2353 221 2396 eorum
243 2333 387 2397 materis
408 2332 454 2397 sit
477 2337 512 2396 et
532 2354 595 2418 per
615 2338 727 2398 totum
748 2333 935 2418 mutabilis;
958 2340 1072 2399 utrum
1090 2335 1261 2400 contrario

106 2439 194 2506 inter
226 2449 263 2506 s'e
286 2441 456 2506 elementa
478 2441 556 2525 sint,
591 2463 635 2506 an
656 2439 665 2526 ΙΙ
687 2462 757 2506 non
778 2449 933 2528 pugnent
954 2442 1017 2508 sed
1038 2463 1101 2529 per
1123 2442 1260 2508 diuersa
1276 2466 1402 2523 f01‚59=.

106 2547 331 2636 conspirent.“
386 2547 443 2612 Ad
475 2547 560 2614 haec
593 2548 788 2634 quaerenda
820 2556 931 2634 natus,
971 2551 1122 2635 aestima,
1156 2573 1294 2636 quamn

70 2691 92 2728 η
105 2679 175 2722 non
201 2657 346 2722 multum
375 2657 547 2743 acceperit
567 2657 741 2744 temporis,
777 2658 879 2724 etiem
902 2659 931 2724 si
952 2657 1039 2723 illud
1060 2665 1171 2724 totum
1192 2659 1258 2724 sibi

105 2765 266 2849 uindicet,
300 2765 355 2830 cui
381 2765 465 2831 licet
491 2764 577 2830 nihil
602 2763 768 2832 facilitate
798 2767 892 2854 eripi,
926 2765 1011 2832 nihil
1038 2767 1259 2853 neglegentia

104 2873 255 2958 patietur
288 2873 454 2959 excidere,
488 2873 571 2940 licet
602 2873 703 2939 hores
737 2897 815 2941 sues
850 2875 1045 2942 auarissime
1078 2880 1193 2939 seruet
1226 2880 1260 2940 et

104 3003 211 3066 usque
233 2981 270 3046 in
291 2982 446 3046 ultimum
469 2983 591 3049 aetatis
612 2981 781 3048 humanae
804 2983 983 3048 terminum
1004 2983 1170 3070 procedet
1190 3005 1256 3048 nec

105 3089 286 3174 quicquam
313 3089 363 3154 illi
386 3111 427 3154 ex
450 3113 501 3176 eo,
535 3090 628 3176 quod
648 3097 772 3156 nature
794 3091 982 3174 constituit,
1014 3089 1154 3156 fortune
1176 3113 1256 3156 oon-

70 3197 222 3283 ffioutiet
256 3203 373 3263 tamen
405 3197 506 3264 homo
543 3197 586 3264 od
618 3199 862 3265 immortalium
894 3199 1125 3285 cognitionem
1157 3198 1257 3263 nimis

106 3372 119 3422 1
147 3367 333 3426 discederent
359 3385 433 3423 cous
455 3366 477 3426 D
502 3377 529 3425 et
545 3387 590 3440 up.
608 3371 674 3426 inde
692 3371 727 3425 ab
745 3370 880 3440 Eranam
906 3369 1118 3426 descenderent
1135 3370 1157 3427 A

104 3472 201 3510 mersa
218 3455 254 3524 Α;
271 3456 364 3509 malim
381 3453 470 3509 mista
538 3455 556 3509 3
573 3454 779 3511 descenderint
796 3455 834 3524 A;
855 3453 1022 3511 desederint
1039 3459 1109 3511 cont.
1124 3456 1259 3511 Murem.

104 3539 202 3594 nisum
221 3539 358 3608 Murcum
376 3539 442 3594 uisu
460 3540 482 3597 Α
551 3540 732 3596 lastrorum
749 3541 880 3610 lipsien
900 3554 1004 3606 sacrou
1022 3541 1045 3598 Α
1105 3540 1259 3597 desiluisse

566 3613 576 3644 t

105 3677 161 3728 rep-3
180 3659 329 3716 resiluisse
348 3659 370 3716 A
473 3661 490 3716 9
507 3646 578 3730 inqd
596 3660 675 3717 Αῑ-ι
781 3663 814 3716 10
831 3661 911 3716 ultra
927 3678 972 3730 sp.
991 3663 1107 3716 todoat
1124 3661 1259 3729 Eranam

105 3745 183 3801 intre
201 3745 223 3802 Α
327 3746 360 3800 12
380 3745 554 3814 informati,
573 3763 640 3801 corr.
658 3763 702 3815 cy.
806 3745 874 3814 sint,
891 3746 923 3801 in
941 3747 1072 3815 Macota
1091 3745 1151 3802 sint
1173 3763 1212 3801 an
1229 3746 1260 3802 in

104 3831 125 3886 A
143 3831 215 3899 (sint
232 3849 267 3886 ac
285 3830 316 3885 in
333 3829 456 3900 Lepsios,
474 3832 524 3886 sed
539 3833 638 3886 saltem
654 3838 685 3887 et
702 3831 874 3886 catomum
891 3831 962 3896 erat)
1067 3831 1101 3886 13
1118 3831 1261 3901 discn‘pto

106 3916 227 3983 trecis,
254 3922 287 3971 ut
312 3917 382 3971 coni.
405 3917 481 3971 Aen.
504 3916 630 3983 Hermes,
659 3933 714 3971 non
738 3916 894 3987 descripte.
1008 3917 1040 3970 14
1067 3923 1204 3973 coereant
1227 3916 1259 3982 l,

105 4017 173 4057 corr.
193 4017 237 4070 up.
342 4003 374 4056 15
392 4003 417 4058 u
435 4001 484 4057 hic
502 4002 629 4057 inuaono
643 4002 673 4066 Α,
691 4003 741 4056 eut
760 4019 812 4070 pso
829 4004 896 4069 sort.
915 4003 984 4057 latet
999 4007 1030 4058 et
1047 4002 1090 4057 sio
1107 4002 1138 4057 in
1156 4019 1259 4070 uacuo,

105 4089 177 4155 ped
193 4087 271 4143 Koch
292 4089 457 4157 mepicotur,
484 4104 541 4142 noo
562 4094 653 4142 tamen
675 4095 746 4143 recte
768 4087 811 4142 sio
830 4104 884 4155 pro
902 4087 944 4143 sic
962 4093 1073 4144 temere
1091 4089 1259 4156 dictracta,

104 4177 186 4229 mmo
208 4174 252 4228 sic
273 4176 291 4228 ι’.
310 4190 335 4242 q.
358 4175 445 4243 longe
468 4175 504 4228 sb
528 4173 583 4228 hoc
606 4179 718 4228 remote
741 4190 799 4228 esse
820 4173 944 4242 sidetem
970 4172 1019 4227 hic
1044 4188 1094 4227 om.
1113 4189 1156 4242 up.

103 4267 165 4326 post
183 4257 335 4314 indiuiduo
352 4258 488 4314 excidisse
505 4259 615 4314 uidetur
635 4258 838 4324 immutabilia,
867 4261 920 4324 cfr.
941 4257 1024 4326 Diop.
1042 4257 1136 4312 Latrt.
1155 4258 1193 4325 X,
1215 4259 1258 4312 54.

161 4361 215 4416 per
232 4362 307 4414 quae
323 4361 382 4413 up,
399 4361 476 4416 pquo
494 4344 515 4399 Α
578 4344 611 4398 18
627 4351 759 4414 pugnent
777 4362 833 4414 sap-3
851 4349 963 4413 pugnet
980 4343 1003 4400 Α
1065 4345 1096 4398 19
1114 4342 1260 4399 estimati

181 4431 215 4484 20
234 4429 300 4484 illut
317 4429 363 4495 Ν,
382 4446 451 4484 corr.
469 4428 505 4485 A²
593 4430 627 4483 21
647 4429 694 4484 oui
712 4430 741 4498 Α,
760 4431 831 4498 qaod
849 4429 926 4484 Koch
942 4436 1013 4484 recte
1031 4428 1070 4482 ad
1086 4428 1143 4482 sibi
1161 4429 1261 4495 referri

106 4521 130 4568 et
146 4515 181 4568 ob
198 4513 348 4580 infinitivis
366 4514 440 4584 eripi
458 4522 484 4568 et
501 4513 635 4569 excidere
650 4517 769 4584 pende-re
786 4517 860 4584 cu1t;
880 4515 963 4569 ouius
981 4517 1049 4569 coni.
1069 4515 1194 4582 Moduip.

105 4601 138 4654 22
156 4599 338 4655 amarissime
357 4599 386 4666 A,
403 4617 473 4654 oon.
491 4616 535 4668 up.
614 4605 645 4654 et
664 4618 756 4670 usque
775 4618 818 4669 up.
836 4601 899 4654 inde
917 4603 952 4655 ab
969 4599 1104 4667 erasme
1123 4597 1220 4669 ejusq3
1239 4598 1260 4655 A

196 4683 231 4738 23
248 4683 405 4740 terminum
424 4685 535 4742 Fickert
553 4701 586 4740 es
603 4702 658 4740 uno
675 4682 711 4754 1),
730 4686 862 4741 termind
881 4685 903 4742 Α
1006 4687 1041 4740 24
1059 4685 1208 4740 concutiat
1226 4685 1259 4752 l;

107 4769 238 4825 excutiat
254 4772 310 4824 duo
328 4767 349 4827 D

1005 4855 1055 4911 17*
