3182 5252
310 409 351 450 an
374 408 517 450 suanum
539 409 579 449 nn
601 408 869 458 aaauovmammn
892 408 992 468 Amr,
1015 410 1123 450 x—xr.
1227 387 1291 452 289

133 572 212 637 Nec
233 573 444 639 inuideamus
468 571 568 637 altius
592 572 778 638 stantibus:
808 595 894 659 quae
918 571 1052 637 excelsa
1073 572 1324 658 uidebamus

34 665 44 686 ⁸
133 688 321 767 praerupta
342 685 431 746 sunt.
486 679 542 744 ΠΗ
564 699 688 764 rursus,
719 701 804 764 quos
838 701 910 746 sors
939 680 1057 766 iniqua
1083 680 1121 744 in
1150 681 1290 769 ancipiti

132 789 263 876 posuit,
295 789 438 855 tutiores
468 793 567 853 erunt
594 788 788 875 superbiam
810 787 1022 855 detrahendo
1044 788 1147 854 rebus
1169 811 1231 876 per
1253 812 1289 856 sc

134 898 294 983 superbis
330 903 365 963 et
402 894 575 962 fortunam
613 917 710 962 suam
749 919 850 983 quam
882 898 1027 963 maxime
1059 904 1223 984 poterunt
1255 899 1291 963 in

103 1005 278 1090 „planum
300 1003 497 1072 deferendo.
546 1004 648 1070 Multi
670 1005 807 1091 quidem
834 1013 921 1090 sunt,
951 1005 1075 1092 quibus
1096 1007 1289 1074 necessario

133 1113 347 1180 haerendum
380 1114 425 1179 sit
455 1115 491 1179 in
518 1111 658 1200 fastigio
688 1136 759 1200 suo,
795 1137 836 1179 ex
864 1136 932 1200 quo
961 1136 1031 1181 non
1059 1123 1203 1202 possunt
1225 1115 1291 1180 nisi

135 1222 294 1288 cadendo
324 1222 547 1306 descendere;
578 1222 644 1287 ‘sed
671 1220 738 1288 hoc
769 1222 882 1309 ipsum
909 1230 1081 1290 testentur
1107 1223 1290 1290 maximum

135 1353 224 1397 onus
258 1353 355 1398 suum
389 1353 479 1416 esse,
514 1329 606 1416 quod
640 1329 714 1395 aliis
748 1352 870 1416 graues
896 1353 978 1397 esse
1013 1339 1193 1419 cogantur,
1226 1355 1290 1397 nec

135 1439 335 1506 subleuatos
346 1439 355 1526 ΙΙ
367 1461 404 1504 se
423 1439 485 1504 sod
504 1437 660 1505 sraffixos:
683 1439 819 1524 iustitia,
843 1440 1112 1524 mansuetudine,
1135 1439 1290 1508 humani-
1308 1463 1359 1520 fol.
1373 1463 1432 1518 65¹·

92 1585 120 1620 ιο
137 1555 211 1630 tate,
233 1548 330 1634 larga
353 1553 388 1612 et
408 1546 559 1634 benigna
581 1569 684 1612 manu
705 1555 909 1636 praeparent
931 1549 1038 1615 multa
1061 1549 1105 1614 ad
1123 1550 1291 1616 secundos

134 1677 236 1720 casus
270 1655 454 1742 praesidia,
495 1677 636 1741 quorum
669 1677 729 1743 spe
764 1658 915 1722 securius
932 1682 939 1692 ·
954 1658 1137 1743 pendeant.
1199 1657 1326 1728 Nihili

135 1771 255 1830 tamen
277 1786 385 1849 aeque
406 1785 471 1830 nos
494 1763 536 1828 ab
559 1762 612 1828 his
636 1764 738 1830 animi
759 1763 918 1831 fluctibus
941 1765 1168 1832 uindicauerit
1191 1788 1291 1850 quam

135 1893 274 1958 semper
295 1871 441 1958 aliquem
464 1872 684 1938 incrementis
701 1873 883 1938 terminum
904 1873 1010 1959 figere
1034 1876 1111 1954 (neo
1132 1873 1291 1940 fortunae

135 1980 315 2046 arbitrium
349 1980 528 2046 desinendi
562 1980 643 2045 dare
677 1980 739 2046 sed
771 1981 864 2068 ipsos
898 1981 1004 2047 mutto
1039 1983 1174 2068 quidem
1206 1983 1291 2049 citra

96 2127 121 2163 a
138 2089 296 2176 exempla
324 2087 505 2155 hortentur
533 2089 748 2171 consistere):
783 2090 831 2154 sic
861 2096 895 2155 et
924 2089 1057 2175 aliquae
1085 2089 1290 2179 cupiditates

136 2198 290 2263 animum
313 2204 446 2282 acuent,
481 2204 516 2262 et
543 2195 659 2264 finitae
681 2219 752 2263 non
773 2198 810 2263 in
831 2199 1032 2264 immensum
1053 2199 1289 2285 incertumque

134 2305 339 2392 producent.

221 2414 288 2480 XI.
341 2413 399 2479 Ad
427 2411 635 2500 inperfectos
665 2421 700 2480 et
727 2415 916 2481 mediocres
946 2421 979 2480 et
1001 2416 1088 2482 male
1112 2437 1212 2482 sanos
1234 2414 1325 2482 hic'l

134 2545 233 2589 mens
258 2544 368 2588 sermo
391 2522 552 2608 pertinet,
574 2543 644 2588 non
667 2522 711 2588 ad
733 2523 932 2610 sapientem.
967 2524 1057 2590 Huio
1079 2547 1149 2591 non
1172 2524 1290 2590 timide

92 2669 120 2706 a
134 2655 201 2697 nec
224 2630 472 2718 pedetemptim
495 2630 736 2696 ambulandum
760 2639 826 2715 est;
855 2639 952 2698 tanta
981 2633 1071 2698 enim
1092 2632 1217 2698 fiducia
1239 2633 1291 2698 sui

135 2747 199 2824 est,
227 2744 267 2803 ut
290 2737 425 2804 obuiam
447 2736 606 2804 fortunae
627 2739 676 2803 ire
698 2761 768 2804 non
792 2738 926 2805 dubitet
946 2763 1010 2806 neo
1032 2762 1191 2826 umquam
1213 2739 1290 2806 loco

134 2847 184 2912 iili
215 2867 372 2912 cessurus
401 2847 454 2912 sit.
510 2847 582 2912 Neo
610 2845 725 2926 habet,
759 2847 818 2912 ubi
845 2847 938 2912 illam
961 2847 1090 2932 timeat,
1121 2850 1291 2932 quianon

134 2954 308 3042 mancipia
329 2960 463 3020 tantum
484 2955 787 3041 possessionesque
806 2963 841 3020 et
859 2955 1062 3042 dignitatem
1085 2955 1146 3021 sed
1168 2979 1290 3042 eorpus

135 3084 273 3149 quoquc
307 3083 405 3127 suum
439 3069 474 3126 et
507 3061 623 3129 oeulos
655 3072 689 3128 et
717 3085 854 3130 manum
884 3072 919 3129 et
941 3064 1102 3150 quicquid
1126 3064 1290 3130 cariorem

92 3213 120 3250 aa
133 3173 245 3237 uitam
277 3168 361 3236 facit
395 3175 505 3236 acturo
539 3194 642 3257 seque
676 3172 788 3260 ipsum
826 3172 917 3237 inter
948 3173 1102 3259 precaria
1133 3180 1290 3238 numerat

134 3386 149 3439 l
169 3381 347 3437 uidebantur
364 3380 399 3446 Ας
417 3379 555 3436 uidentur
573 3381 708 3436 Muretus.
804 3383 1017 3453 2preruptad
1112 3401 1213 3438 rursus
1230 3400 1289 3454 πμ

133 3465 268 3534 auerisus
292 3464 325 3523 Αῑ
350 3481 420 3521 corr.
445 3483 478 3521 ea
504 3465 616 3534 aurisus
720 3467 738 3521 3
763 3468 862 3537 posuit
887 3485 931 3538 up.
954 3485 989 3523 ex
1006 3465 1041 3536 D;
1067 3467 1187 3538 pfiritd

132 3555 151 3608 6
170 3551 343 3608 herendut
445 3551 662 3608 9humanitats
680 3551 809 3620 Dipsium
835 3553 1010 3622 humanat,
1039 3555 1109 3622 quod
1131 3572 1149 3608 a
1167 3557 1290 3622 aeqnmti

132 3655 202 3694 acce
219 3636 310 3692 maine
328 3637 410 3692 actito
427 3636 604 3694 interuallum
622 3638 731 3706 diuidit,
750 3640 799 3694 aed
815 3638 886 3694 nitil
904 3655 1012 3694 erasum
1030 3646 1076 3694 eet.
1157 3641 1189 3693 10
1206 3640 1289 3708 larga

134 3725 184 3790 Αῆ
211 3723 312 3792 larget
335 3721 414 3788 (sict)
437 3721 468 3778 Α1
573 3725 770 3794 preparentt
873 3723 1056 3779 adsecundos
1075 3742 1159 3779 casus
1178 3724 1211 3790 Α;
1239 3725 1288 3790 cfr.

133 3809 210 3866 Suet.
220 3807 315 3864 Oeten.
332 3823 392 3876 cap.
401 3809 426 3862 9.
481 3809 513 3863 13
529 3811 685 3878 mamerto
702 3827 756 3865 nec
774 3808 927 3865 fortunae.
939 3852 944 3864 .
956 3852 961 3864 .
973 3809 1132 3864 consistere
1148 3809 1289 3876 parenae-

135 3895 189 3950 tr'ce
205 3909 285 3962 pano,
303 3894 344 3948 ito
361 3899 393 3947 at
409 3900 436 3948 et
453 3893 522 3949 dare
540 3901 566 3949 et
583 3894 744 3951 consistere
759 3913 777 3949 a
793 3896 966 3949 coniunctim
980 3895 1118 3949 nortatiuo
1133 3892 1288 3948 hortentur

131 3979 274 4049 pendeant
295 3979 361 4046 (pro
379 3995 431 4046 aaa
449 3981 570 4045 sortasse
586 3981 682 4035 melias
699 3979 855 4035 hortantur
872 3980 1053 4046 scriberetur),
1079 3995 1127 4033 me
1146 3977 1287 4047 quiequam

132 4067 213 4120 altra
233 4070 322 4130 maur,-
352 4065 400 4120 aed
421 4065 454 4118 de
476 4067 653 4120 enarratione
671 4066 730 4137 loci,
756 4069 874 4120 maxime
892 4066 963 4134 qnod
980 4065 1018 4119 ad
1035 4065 1196 4119 adaerttnm
1215 4063 1288 4118 citra

132 4150 244 4214 attinet,
262 4147 477 4204 attentem.
495 4167 522 4218 p.
533 4151 592 4204 143.
647 4153 679 4204 16
696 4151 777 4206 finite
796 4152 825 4218 Α,
844 4166 912 4206 corr.
930 4168 974 4219 ay.
1027 4167 1087 4204 non
1104 4149 1287 4206 intmenst'id

239 4253 273 4305 21
292 4251 415 4306 dubitet.
433 4252 459 4306 a
476 4269 530 4307 neo
548 4251 578 4320 A,
604 4254 653 4307 red
670 4254 695 4308 d
711 4257 832 4322 primam
846 4254 958 4321 pamm
975 4259 1100 4308 notatam
1112 4235 1175 4334 (d),
1193 4252 1288 4306 danae

130 4369 246 4410 matam
263 4361 312 4410 est.
363 4354 398 4407 25
416 4353 488 4408 facit
505 4360 607 4409 acturo
626 4373 715 4424 seque
733 4357 835 4424 scripsi
853 4355 1015 4422 (facttum,
1035 4371 1123 4424 seque
1143 4353 1287 4424 Maduiq);

135 4439 270 4494 facturus
289 4457 336 4510 eq3
355 4437 387 4494 Α1
405 4439 526 4506 (litterae
543 4457 613 4493 urus
632 4459 648 4512 9
667 4441 699 4496 in
715 4457 772 4496 ras.
791 4443 910 4509 scriptae
927 4440 1015 4508 tutet,
1035 4439 1084 4493 aed
1100 4455 1135 4493 m.
1153 4439 1189 4504 1).

135 4543 216 4597 inter
237 4540 372 4613 precaria
396 4523 493 4596 nuirmt
515 4541 559 4608 t⁶;
587 4541 665 4597 inter
685 4543 799 4616 precari
821 4549 879 4598 anu
903 4549 967 4598 erat
984 4542 1025 4608 A¹‚
1052 4542 1131 4600 onitas
1148 4540 1286 4609 sciptura

135 4627 307 4684 etiamnunc
322 4627 819 4697 eutramrasatiaataredr'sptoitm·;
838 4632 927 4698 r'nmy.
938 4628 983 4685 m:
1001 4625 1139 4682 Precaria
1157 4633 1174 4682 s'
1191 4626 1288 4682 aliena

132 4711 231 4782 gratis
249 4711 315 4767 aliis
333 4711 364 4766 in
381 4727 467 4766 usum
485 4710 561 4766 data.

1052 4804 1084 4858 19
