3286 5244
259 383 291 442 X

260 573 359 652 factus
378 585 438 632 est:
461 555 579 632 litteras
598 572 755 650 archetypi
774 591 841 631 cum
859 572 1006 631 similibus
1024 574 1216 650 permutauit,
1238 572 1408 632 litterarum

260 676 395 738 ordinem
412 676 564 736 interdum
574 676 731 754 peruertit,
749 674 878 748 litteras,
897 675 1042 752 syllabas,
1059 681 1123 735 tota
1135 677 1238 751 uerba,
1257 676 1407 736 interdum

259 787 342 843 tutas
359 780 526 840 sententiae
544 779 645 838 omisit
661 775 730 853 (hoc
747 778 874 837 maxime
886 785 1011 856 propter
1021 775 1283 855 homoeoteleuta),
1301 800 1408 840 rursus

260 885 319 944 iem
336 883 451 961 scripta
467 901 561 962 paruo
578 881 785 942 intercedente
803 881 962 942 interuallo
974 882 1108 955 iterauit;
1133 903 1260 958 quorum
1271 884 1408 962 exemplu

261 1007 328 1046 cum
349 988 381 1046 in
403 985 509 1064 primis
526 1005 644 1062 quoque
661 985 747 1044 libris
764 986 963 1063 reperientur,
986 992 1088 1045 tamen
1105 987 1136 1044 in
1154 987 1297 1046 extremis
1314 987 1408 1046 multo

258 1089 463 1167 frequentiora
481 1094 561 1147 sunt.
607 1087 747 1148 Ceterum
764 1095 882 1167 partem
894 1107 1038 1163 errorum,
1062 1107 1137 1165 quos
1150 1089 1194 1149 sic
1206 1089 1406 1165 commiserat,

257 1193 400 1254 librarius
421 1193 488 1271 ipse
510 1191 651 1266 correxit,
674 1191 825 1252 interdum
848 1193 901 1269 ita,
924 1199 958 1251 ut
980 1213 1057 1268 quae
1076 1213 1169 1271 praue
1188 1193 1302 1272 scripta
1320 1201 1407 1253 erant

259 1296 397 1356 eraderet
413 1301 445 1354 et
461 1315 534 1354 uere
550 1295 581 1354 in
598 1295 712 1355 rasuris
724 1295 932 1372 substitueret,
944 1296 998 1357 aed
1010 1295 1186 1376 plerumque
1199 1296 1264 1356 sine
1275 1295 1404 1369 rasuris;

258 1399 426 1459 litterarum
437 1399 515 1458 male
526 1399 708 1478 scriptarum
720 1399 833 1459 formas
845 1399 876 1458 in
887 1406 1002 1460 rectum
1014 1397 1176 1460 deflectere
1187 1399 1314 1474 studuit,
1326 1399 1405 1459 litte-

258 1522 308 1562 ras
336 1521 542 1580 superuacuae
563 1502 684 1580 punctis
707 1523 799 1583 supra
821 1502 960 1578 infraque
983 1501 1130 1581 adpositis
1153 1502 1190 1573 (3)
1214 1502 1332 1562 notauit
1355 1511 1407 1562 aut

258 1605 355 1665 rarius
377 1604 465 1666 lineis
487 1605 664 1684 perforauit,
687 1606 825 1666 similiter
845 1605 997 1667 interdum
1019 1605 1155 1684 syllabas
1172 1613 1203 1665 et
1220 1613 1285 1666 tota
1301 1606 1405 1680 uerba,

257 1727 364 1768 rursus
387 1707 514 1784 litteras,
543 1709 688 1788 syllabus,
717 1711 842 1770 uoculae
870 1710 997 1770 omissae
1020 1729 1113 1787 supra
1135 1727 1257 1769 uersum
1280 1708 1404 1769 eddidit.

258 1812 406 1890 Exempla
433 1811 481 1872 hic
509 1811 629 1872 adferre
659 1813 854 1891 supersedeo,
889 1833 956 1874 cum
984 1811 1110 1873 adfatim
1139 1831 1242 1873 eorum
1269 1812 1299 1871 in
1327 1833 1406 1872 corn-

258 1916 403 1976 mentario
433 1917 559 1994 reperiri
588 1916 699 1994 posuit;
745 1917 801 1976 hoc
830 1923 932 1978 tamen
962 1915 1167 1976 adnotandum
1196 1915 1325 1989 uidetur,
1371 1937 1406 1976 ea

258 2019 476 2099 supplementa,
511 2039 589 2096 quae
621 2039 651 2097 p.
675 2021 747 2095 205,
777 2021 833 2094 21;
868 2021 940 2094 215,
970 2023 1005 2095 4;
1040 2021 1112 2094 337,
1142 2023 1175 2094 5;
1211 2019 1405 2094 3931333-

259 2123 425 2202 periuntur‚
460 2141 596 2200 quaeque
618 2121 755 2182 Kochius
787 2123 888 2182 manui
922 2122 1073 2183 secundae
1104 2123 1210 2182 tribuit
1242 2119 1346 2197 (etiam
1368 2121 1406 2182 de

259 2249 288 2306 p.
318 2227 390 2302 337,
419 2227 438 2285 5
466 2224 546 2286 falsa
573 2226 604 2285 in
634 2225 827 2286 adnotatione
856 2233 888 2285 33
919 2224 1108 2304 praefatione
1137 2225 1306 2300 adferens),
1340 2226 1406 2286 sine

259 2329 350 2390 dubio
379 2330 439 2408 ipsi
462 2329 493 2387 h'
517 2329 629 2390 deberi.
687 2327 775 2400 Quod
798 2328 836 2388 ed
860 2329 1020 2388 uerborum
1043 2329 1314 2407 interpunctionem
1337 2329 1405 2389 atti-

258 2441 320 2507 nct,
343 2432 417 2494 haec
439 2453 546 2493 manus
568 2431 722 2492 rarissime
745 2429 812 2490 aliie
829 2430 934 2509 signis,
958 2433 1135 2510 plerumque
1152 2437 1268 2492 tantum
1285 2433 1406 2510 punctis

258 2535 362 2610 utitur,
386 2556 464 2612 quae
486 2535 665 2614 saepissime
687 2534 765 2595 falso
788 2535 855 2595 loco
873 2536 988 2614 posuit;
1013 2534 1052 2596 de
1069 2535 1283 2614 orthographia
1299 2543 1407 2614 postea

259 2637 437 2698 uidebimus.
483 2638 583 2698 Unum
607 2638 698 2698 etiam
720 2657 800 2698 nuno
823 2638 1011 2700 adiciendum
1036 2645 1119 2717 puto,
1155 2645 1353 2698 atramentum
1375 2639 1405 2696 iu

259 2741 507 2820 multis'paginis
538 2742 598 2802 situ
625 2759 722 2820 paene
749 2741 919 2817 euanuisse,
952 2742 996 2802 ita
1022 2749 1058 2802 ut
1085 2739 1253 2802 litterarum
1275 2747 1405 2801 tantum·

258 2842 347 2904 modo
375 2843 485 2904 ductus
514 2846 545 2904 in
572 2845 747 2905 membrana
775 2853 970 2924 apparerent;
1005 2845 1052 2905 his
1080 2845 1155 2904 locis
1183 2863 1288 2904 manus
1312 2844 1405 2904 multo

258 2949 408 3008 recentior
430 2942 487 3023 (31)
510 2948 691 3027 scripturam
719 2947 878 3009 euanidam
901 2967 993 3028 saepe
1015 2948 1243 3026 redintegrauit,
1276 2949 1319 3008 ita
1341 2949 1405 3025 qui·

259 3051 336 3124 dem,
360 3059 395 3111 ut
416 3073 522 3112 manus
544 3053 660 3130 primae
682 3053 862 3131 scripturam
884 3053 1062 3130 plerumque
1083 3050 1214 3112 fideliter
1235 3059 1404 3126 renouaret,

261 3153 315 3214 sed
343 3162 443 3214 tamen
470 3155 590 3216 interim
618 3157 766 3233 quaedam
794 3157 923 3216 maxime
951 3156 981 3215 in
1005 3155 1220 3234 orthographia
1242 3174 1297 3214 suo
1320 3155 1407 3216 medo

261 3265 398 3318 mutaret.

346 3360 480 3421 1333333
515 3361 553 3421 ad
587 3363 629 3437 h⁹,
668 3361 700 3422 id
733 3369 781 3422 eet
812 3383 954 3423 manum
987 3359 1198 3436 secundam,
1239 3381 1317 3439 quae
1348 3382 1409 3422 non

261 3463 361 3540 longo,
383 3471 416 3523 ut
438 3463 568 3540 uidetur,
591 3472 726 3544 tempore
747 3471 818 3544 post
841 3465 974 3528 codicem
997 3466 1143 3544 scriptum
1165 3465 1223 3524 alio
1241 3465 1409 3526 litterarum

261 3587 380 3645 genere,
414 3589 475 3630 nou
502 3567 744 3647 Langobardico,
779 3588 835 3630 usa
868 3589 976 3630 manus
1003 3570 1118 3648 primae
1146 3567 1327 3646 scripturam
1354 3589 1409 3646 per

261 3677 356 3730 totum
388 3671 522 3732 codicem
544 3672 697 3748 corrigere
719 3672 844 3732 studuit.
900 3672 938 3732 In
961 3692 1021 3748 qua
1042 3692 1136 3750 opera
1157 3679 1258 3731 utrum
1281 3692 1317 3731 ex
1340 3672 1408 3750 ipso

262 3774 425 3854 archetypo
449 3795 496 3849 en,
530 3775 610 3852 quod
634 3775 735 3853 potius
758 3775 946 3850 crediderim,
980 3795 1017 3836 ex
1040 3774 1135 3835 altero
1158 3775 1314 3854 archetypi
1337 3795 1407 3854 apo·

261 3877 385 3956 grapho,
420 3879 556 3957 exemplo
579 3880 780 3962 Ambrosiano
803 3877 983 3955 quibusdam
1011 3878 1041 3938 in
1063 3879 1156 3938 rebus
1177 3879 1309 3952 meliore,
1343 3898 1407 3937 cor·

261 3981 411 4042 rectiones
433 3983 563 4060 petierit,
587 3982 712 4044 difficile
734 3990 783 4042 est
805 3981 985 4056 diiudicare,
1010 3981 1064 4041 sed
1087 3989 1155 4041 utut
1177 3989 1234 4055 eet,
1257 3982 1314 4040 hoc
1337 4001 1406 4041 cou-

262 4090 333 4158 stat,
370 4085 450 4144 hunc
484 4093 685 4146 correctorem
718 4095 749 4146 et
780 4086 902 4164 linguae
924 4085 1052 4144 Latinae
1085 4084 1214 4162 peritum
1247 4083 1344 4144 fuisse
1377 4093 1407 4143 et

261 4188 348 4248 bonis
378 4189 408 4248 in
437 4189 614 4268 corrigendo
645 4189 790 4249 subsidiis
820 4209 907 4248 usum
938 4205 1017 4262 3333,
1051 4207 1110 4264 quo
1139 4186 1253 4247 factum
1283 4195 1339 4262 333,
1374 4195 1408 4246 33

262 4291 365 4352 331133
400 4311 472 4352 sane
500 4312 621 4372 operam
650 4291 745 4352 codici
773 4291 974 4352 Ambrosiano
1001 4291 1127 4351 nauarit.
1190 4291 1288 4368 Ergo,
1328 4297 1362 4350 ut
1390 4311 1408 4350 a

261 4395 391 4458 minimis
428 4397 583 4476 incipiam,
628 4395 898 4474 interpunctionem
937 4414 1044 4454 manus
1077 4394 1190 4472 primae
1229 4394 1407 4473 saepissime

262 4500 393 4561 correxit
419 4501 542 4580 punctis
569 4499 768 4578 superuacuis
796 4499 891 4560 erasis
921 4497 1026 4557 aliisue
1054 4497 1182 4558 rectiore
1209 4495 1406 4575 locopositis

262 4599 332 4679 (hoc
358 4623 426 4663 raro
454 4604 485 4662 in
512 4602 724 4664 commentario
753 4601 993 4676 commemoraui,
1026 4600 1203 4678 plerumque
1224 4601 1405 4681 necessitate

261 4713 394 4780 coactus,
412 4705 482 4782 quia
493 4705 632 4766 Kochius
650 4705 739 4764 etiam
759 4702 815 4764 has
832 4721 954 4762 rasuras
971 4702 1101 4763 stellulis
1120 4702 1184 4762 suis
1202 4699 1403 4780 signauerat);
