3286 5244
1266 413 1331 472 VII

267 599 362 660 Foliis
390 601 460 661 inde
482 621 500 660 a
523 599 656 660 secundo
678 613 762 661 recto
785 621 881 676 usque
905 601 943 661 ad
966 603 1005 662 85
1030 621 1150 662 uersum
1173 587 1332 662 duodecim

184 697 404 781 dialogornm*)
432 703 566 766 Senecae
596 703 664 764 libri
695 705 887 765 continentur
915 705 979 778 nel,
1015 711 1046 763 ut
1073 705 1186 765 rectius
1215 705 1331 781 loquar,

183 807 342 884 reliquiae,
377 827 455 885 quae
488 829 525 868 ex
559 807 606 868 his
639 808 725 868 libris
759 815 937 886 supersunt;
972 809 1030 868 iam
1066 809 1143 868 enim
1167 809 1332 868 communis

183 911 315 970 omnium
344 911 482 974 codicum
510 921 682 974 nostrorum
711 911 904 990 archetypus,
940 933 976 972 ex
1005 932 1063 988 quo
1087 911 1181 972 codex
1204 911 1332 970 Ambro-

183 1015 288 1074 sianus
320 1015 494 1096 descriptus
528 1025 584 1090 est,
620 1016 768 1094 quaedam
802 1035 912 1094 passus
946 1014 1056 1076 damus
1088 1023 1154 1074 eret
1183 1023 1213 1074 et
1243 1035 1335 1074 unum

183 1125 290 1196 postea
317 1137 427 1196 passus
455 1127 503 1180 est
530 1121 596 1198 ipse
619 1119 853 1192 Ambrosianus;
889 1138 965 1195 qnae
994 1117 1031 1177 de
1059 1118 1117 1178 hec
1145 1138 1177 1177 re
1206 1117 1332 1178 dicende

183 1226 263 1292 sunt,
292 1221 322 1279 in
345 1224 558 1282 commentario
581 1225 685 1284 critico
708 1243 799 1302 pagg.
824 1223 874 1296 53,
904 1224 975 1296 252,
1005 1223 1076 1296 263,
1107 1223 1168 1281 339
1191 1241 1236 1297 sq.
1261 1220 1331 1280 dixi.

183 1322 268 1384 Haec
292 1325 391 1383 omnia
414 1325 550 1403 exceptis
580 1325 626 1398 iis,
661 1347 738 1402 quas
759 1325 791 1384 in
814 1325 910 1404 prima
932 1325 997 1384 folii
1021 1325 1191 1385 duodecimi
1213 1323 1333 1403 pagina,

182 1427 301 1486 initium
323 1426 391 1487 libri
413 1427 501 1507 primi
524 1428 563 1488 de
585 1429 630 1488 ira
652 1430 834 1503 continente,
869 1429 983 1508 scripte
1006 1435 1086 1494 sunt,
1118 1427 1223 1488 eadem
1245 1447 1334 1487 mann

182 1525 241 1604 (N)
271 1539 395 1590 exarata
423 1539 507 1606 sunt;
543 1533 663 1593 litterae
693 1541 765 1594 sunt
791 1531 1042 1610 Langobardicae
1070 1552 1105 1590 ea
1134 1530 1240 1604 forma,
1276 1551 1334 1608 qua

182 1633 465 1696 Montecasinenses
495 1636 672 1696 utebantur:
708 1657 784 1713 qnae
808 1637 959 1715 scriptura
982 1655 1050 1696 cum
1073 1633 1124 1693 diu
1147 1634 1205 1694 sibi
1228 1633 1335 1693 similis

181 1737 338 1810 manserit,
372 1743 455 1797 certo
478 1737 596 1800 definiri
618 1760 678 1801 non
700 1747 811 1818 potest,
846 1759 905 1816 quo
928 1749 1062 1818 tempore
1086 1737 1180 1797 codex
1202 1737 1335 1815 scriptus

182 1840 232 1915 sit,
268 1839 324 1900 sed
357 1839 413 1900 hoc
445 1849 546 1902 tamen
580 1843 730 1904 adfirmari
765 1863 855 1922 posse
889 1842 1017 1918 uidetur,
1052 1861 1120 1902 eum
1142 1839 1236 1899 multo
1266 1848 1336 1918 post

181 1943 301 2002 initium
324 1963 403 2004 saec.
427 1943 477 2005 XI
499 1945 645 2026 scriptum
668 1967 736 2008 esse
758 1968 818 2006 non
839 1967 943 2025 posse3
979 1944 1043 2004 fieri
1066 1965 1138 2004 nero
1160 1951 1272 2022 potest,
1302 1951 1336 2002 ut

182 2048 275 2108 etiam
309 2047 431 2108 saeculo
465 2049 615 2126 antiquior
642 2051 691 2111 sit.
748 2050 833 2123 Quae
861 2051 891 2109 in
919 2070 979 2109 unu
1007 2049 1057 2109 ille
1085 2048 1211 2128 pagina,
1246 2067 1336 2124 quam

182 2171 278 2230 snpra
307 2151 448 2228 indicaui,
482 2153 597 2232 scripta
625 2161 705 2230 sunt,
740 2155 829 2233 plane
858 2153 1013 2214 diuersum
1043 2151 1211 2229 scripturae
1239 2169 1335 2230 genus

182 2255 338 2330 exhibent,
372 2275 429 2316 nec
459 2265 529 2318 ante
558 2277 638 2319 saec.
662 2257 750 2332 XIV,
785 2257 917 2318 fortasse
947 2258 1037 2317 etiam
1065 2254 1186 2316 saeculo
1216 2253 1336 2314 demum

182 2356 259 2432 XV,
296 2358 411 2436 scripta
439 2379 506 2420 esse
536 2382 653 2422 mecum
683 2363 841 2422 Gustuuus
868 2361 980 2421 Loewe
1008 2359 1227 2419 consentiebat.
1289 2357 1336 2418 De

182 2460 461 2538 subscriptionibus
490 2465 646 2542 titulisque
675 2465 859 2544 singulorum
891 2463 1035 2523 librorum
1063 2463 1093 2521 in
1123 2460 1336 2521 commentario
1444 2497 1448 2504 ·

183 2563 291 2624 critico
314 2565 377 2624 suis
400 2565 474 2626 locis
498 2566 629 2642 dixi;**)
652 2568 701 2628 hic
724 2568 802 2628 addo
826 2587 918 2646 supra
935 2567 1061 2646 primam
1078 2565 1219 2643 paginam
1234 2564 1336 2623 unius·

183 2667 332 2744 cuiusque
365 2669 430 2729 folii
462 2689 558 2746 usqne
592 2672 630 2731 ad
664 2670 717 2731 sol.
746 2673 800 2731 81Ι
836 2691 926 2730 manu
958 2671 1047 2749 plene
1074 2669 1189 2729 recenti
1216 2667 1336 2726 titulum

183 2770 249 2830 eius
279 2770 357 2846 libri,
392 2771 431 2831 nd
460 2793 548 2849 quem
577 2774 681 2836 folium
710 2775 759 2836 uel
782 2775 894 2854 pagina
915 2771 1056 2852 pertinet,
1091 2771 1236 2850 scriptum
1259 2789 1335 2838 esse,

182 2873 243 2932 nisi
278 2873 359 2950 quod
392 2875 499 2936 titulus
532 2877 601 2937 libri
635 2878 673 2938 de
708 2878 769 2938 otio
803 2878 922 2938 omnino
955 2897 1015 2937 non
1048 2874 1215 2942 inuenitur,
1256 2873 1337 2951 quod

184 2977 305 3036 scilicet
330 2977 398 3038 ideo
421 2977 536 3042 factum
559 2989 614 3056 est,
649 2983 719 3059 quia
740 2981 790 3041 bic
813 2980 889 3040 liber
912 2999 977 3040 cum
1002 2977 1192 3039 antecedenti
1215 2976 1252 3037 de
1274 2978 1337 3037 uita

183 3079 276 3140 beata
309 3089 433 3160 propter
466 3084 623 3164 archetypi
654 3085 794 3145 lacunam
823 3083 988 3156 coalueram
1024 3083 1126 3158 itaque
1154 3099 1189 3140 ea
1218 3099 1337 3156 quoque

188 3183 273 3258 solia,
308 3204 385 3260 quae
415 3187 453 3247 ad
481 3186 591 3248 librum
621 3188 659 3249 de
681 3189 742 3249 otio
765 3187 927 3266 pertinent,
961 3184 1081 3244 titulum
1105 3183 1142 3243 de
1166 3183 1230 3242 nito
1252 3183 1342 3242 beata

188 3287 376 3367 praeferunt.
432 3291 501 3351 Hoc
529 3311 649 3368 quoque
677 3290 881 3351 adnotandum
910 3296 966 3364 cst,
1000 3287 1079 3348 hanc
1102 3307 1222 3346 manum
1245 3285 1342 3346 ultimi

189 3391 304 3468 dialogi
330 3391 412 3454 foliis
433 3394 539 3473 primis
573 3395 652 3466 (narn
676 3403 778 3455 cetera
801 3393 880 3453 omni
902 3391 1099 3471 inscriptione
1122 3385 1239 3470 carent)
1271 3390 1342 3449 titu-

188 3496 262 3570 lum,
287 3497 338 3573 qni
360 3505 407 3557 est
429 3492 479 3558 ‘cd
488 3499 622 3559 Lesbium
644 3503 765 3558 omnen
787 3498 820 3557 de
842 3496 1051 3570 consobrbbnc',
1074 3493 1276 3572 inscripsisse.
1303 3521 1342 3534 -

189 3599 277 3659 Folio
300 3599 340 3658 86
370 3608 453 3662 recto
480 3601 622 3680 leguntur
650 3623 695 3676 ea,
730 3621 807 3678 quae
829 3600 894 3660 Scs.
919 3599 1123 3676 Hieronymus
1151 3580 1182 3656 in
1204 3597 1282 3657 libro
1304 3596 1342 3657 de

190 3702 266 3762 uiris
295 3703 473 3764 inlustribus
503 3705 541 3766 de
569 3705 685 3766 Seneca
715 3705 846 3784 scripsit,
881 3681 998 3764 demde
1017 3702 1112 3780 primu
1142 3699 1275 3760 Senecae
1304 3698 1342 3758 sd

278 3821 284 3826 .
297 3821 367 3828 -.ι-..-
378 3823 383 3827 -
393 3821 416 3828 «ι.

214 3883 245 3952 l)
264 3884 307 3940 De
326 3885 559 3956 Dialogornm
578 3890 694 3945 nomine
713 3885 889 3944 conferenda
907 3891 983 3950 sunt,
1012 3901 1085 3952 qnae
1104 3899 1159 3952 ego
1178 3881 1259 3937 Stud.
1279 3880 1342 3936 crit.

261 3971 357 4042 p.134
381 3991 442 4044 sqq.
466 3974 616 4046 disputaui
643 3981 760 4044 etpost
784 3991 829 4030 me
857 3972 889 4028 Ο.
907 3969 1060 4026 Rossbach
1083 3968 1114 4024 in
1136 3969 1262 4024 Hermae
1285 3966 1341 4021 nol.

260 4057 355 4127 XVII,
374 4077 401 4130 P·
419 4060 471 4124 365
489 4079 561 4132 sqq,
581 4061 627 4118 cui
646 4069 745 4118 tamen
762 4060 880 4116 minime
898 4074 950 4127 per
969 4056 1065 4112 omnia
1083 4053 1239 4110 adsentior.

192 4143 242 4211 ⁴⁴)
261 4144 344 4210 Quod
362 4145 499 4202 librarius
518 4147 761 4218 snoscriptionem
780 4145 847 4202 libri
866 4145 901 4201 de
920 4143 988 4205 otio,
1007 4141 1032 4196 si
1051 4139 1136 4196 modo
1154 4139 1241 4194 huius
1256 4139 1342 4194 finem

261 4231 410 4298 hebemus,
438 4233 614 4304 titulumque
642 4233 708 4290 libri
736 4233 771 4288 de
798 4239 892 4300 tranq.
912 4248 956 4285 an.
976 4228 1082 4292 omisit,
1110 4226 1165 4281 hoc
1192 4225 1258 4280 ideo
1277 4243 1342 4280 eum

262 4317 367 4374 fecisse
390 4325 469 4390 puto,
494 4320 579 4389 quod,
603 4339 669 4376 cnm
692 4319 807 4375 amissis
832 4317 979 4374 nonnullis
1002 4313 1154 4384 archetypi
1178 4311 1256 4366 foliis
1275 4310 1342 4366 libri

263 4405 298 4460 de
320 4405 384 4460 uita
407 4407 494 4462 beata
516 4413 547 4463 ct
570 4407 606 4463 dc
625 4407 685 4462 otio
703 4407 734 4462 in
751 4423 840 4460 unum
860 4402 1045 4461 coaluissent.
1073 4417 1131 4455 nou
1148 4399 1342 4466 intellegeret,

262 4491 312 4561 qni
332 4491 393 4547 fieri
411 4501 518 4562 posset,
538 4499 572 4548 nt
590 4493 615 4548 is
632 4493 715 4560 liber,
734 4490 816 4546 cuins
835 4489 965 4559 proxime
984 4493 1071 4542 antea
1090 4485 1208 4540 titulum
1227 4485 1261 4539 de
1280 4483 1342 4538 nita

264 4579 351 4634 beata
368 4578 540 4650 scripsisset,
559 4579 590 4635 in
608 4579 665 4636 fine
684 4577 927 4648 subscriptionem
946 4574 982 4629 de
1001 4573 1061 4626 otio
1079 4571 1213 4638 haberet;
1232 4569 1341 4640 aliquid

263 4664 354 4736 igitur
377 4665 439 4720 sine
462 4664 551 4720 dubio
576 4663 623 4720 hic
648 4673 776 4721 erratum
796 4681 859 4720 esse
878 4659 994 4732 putauit
1013 4677 1067 4714 nec
1086 4676 1214 4715 errorem
1233 4656 1339 4714 exscri-

262 4752 331 4807 bere
350 4752 449 4807 uoluit.
