3176 5248
312 359 375 422 224
536 384 564 422 n.
588 383 707 424 aunam
728 383 864 424 enuncia
886 383 1086 424 nmtoooavn
1109 383 1169 424 nie.
1192 382 1245 421 vn.

311 568 438 630 genera
465 545 651 632 uoluptatis
681 569 787 632 praua
816 569 834 611 a
864 570 900 610 se
929 547 1037 612 multa
1059 569 1253 632 suggerere,
1287 546 1324 610 in
1347 545 1469 632 primis

311 654 526 720 insolentiam
548 663 584 719 et
605 655 743 720 nimiam
767 655 1038 721 aestimationem
1060 655 1112 720 sui
1135 663 1374 740 tumoremque
1399 655 1467 718 ola-

310 771 383 827 tum
413 785 516 850 super
545 769 677 828 ceteros
708 769 742 826 et
772 785 920 829 amorem
949 787 1062 829 rerum
1092 787 1228 830 suarum
1258 787 1403 829 caecum
1435 771 1468 827 et

310 871 537 958 inprouidum,
572 871 711 938 delicias
740 871 876 938 fluentis
905 879 941 938 et
968 895 1010 938 ex
1038 873 1185 938 minimis
1214 897 1254 938 ac
1276 874 1468 960 puerilibus

311 981 421 1046 causis
444 980 715 1065 exsultationem,
739 981 806 1046 iam
829 981 1043 1047 dicacitatem
1067 1005 1106 1048 ac
1129 983 1322 1068 superbiam
1344 989 1492 1048 contu-a

310 1089 420 1154 meliis
442 1090 660 1174 gaudentem,
684 1090 849 1155 desidiam
873 1090 1198 1176 dissolutionemque
1221 1092 1335 1177 segnis
1362 1091 1467 1156 animi

275 1207 341 1262 set
363 1197 599 1263 indormientis
622 1198 710 1264 sibi?
754 1199 850 1264 Haec
874 1199 987 1264 omnia
1009 1201 1117 1266 uirtus
1136 1201 1275 1266 discutit
1293 1207 1329 1265 et
1347 1222 1467 1266 aurem

309 1306 467 1392 peruellit
490 1315 525 1372 et
546 1307 741 1393 uoluptates
766 1308 923 1373 aestimat
957 1315 1036 1374 ante
1060 1331 1162 1393 quam
1184 1309 1352 1392 admittat,
1389 1331 1465 1392 nec,

310 1437 393 1499 quas
422 1415 589 1501 probauit,
623 1417 739 1501 magni
767 1417 887 1502 pendit
915 1423 1046 1502 totaque
1071 1417 1179 1484 animo
1203 1417 1365 1500 admittit,
1400 1440 1464 1480 neo

308 1546 372 1587 usu
394 1547 509 1588 earum
531 1524 591 1589 sed
614 1526 840 1611 temperantia
861 1527 954 1591 laeta
977 1533 1037 1591 est.
1083 1527 1324 1612 Temperantia
1347 1535 1465 1592 autem
1479 1551 1499 1585 ιο

197 1634 199 1638 ’
309 1655 384 1696 cum
408 1633 602 1719 uoluptates
624 1634 765 1718 annuat,
800 1635 921 1700 summi
944 1634 1026 1699 boni
1050 1636 1121 1716 (tat)
1144 1635 1269 1699 iniuria
1291 1643 1353 1700 est.
1411 1635 1464 1698 'Pu

308 1741 520 1830 uoluptatem
566 1742 819 1828 complecteris,
866 1765 930 1828 ego
976 1765 1161 1829 conpesco;
1205 1750 1245 1808 tu
1282 1743 1462 1830 uoluptate

307 1848 439 1935 inieris,
462 1873 526 1936 ego
549 1867 641 1934 utor;
665 1857 703 1916 tu
725 1851 817 1916 illam
839 1875 1005 1916 summum
1026 1851 1155 1917 bouum
1177 1857 1286 1937 putas,
1312 1875 1376 1937 ego
1397 1875 1461 1918 nec

307 1957 449 2044 bonum;
472 1966 512 2024 tu
534 1961 647 2025 omnia
669 1960 855 2046 uoluptatis
879 1983 981 2025 causa
1002 1958 1098 2044 facis,
1121 1982 1184 2044 ego
1208 1960 1304 2025 nihil.

274 2073 288 2124 l
391 2069 455 2133 XI.
507 2069 591 2134 Cum
625 2069 701 2134 dico
735 2091 795 2134 me
829 2068 913 2134 nihil
946 2068 1134 2154 uoluptatis
1168 2091 1280 2152 causa,
1321 2068 1365 2132 de
1400 2069 1494 2133 illou

306 2175 427 2262 loquor
450 2177 613 2262 sapiente,
648 2179 702 2242 oui
725 2177 788 2244 soli
811 2177 971 2242 concedis
994 2177 1216 2264 uoluptatem.
1271 2177 1348 2242 Non
1371 2199 1458 2243 uoco

307 2293 420 2349 autem
454 2286 652 2372 sapientem,
687 2309 789 2374 supra
822 2309 923 2371 quem
950 2286 1129 2371 quicquam
1153 2293 1214 2370 est,
1249 2285 1374 2351 nedum
1397 2308 1457 2352 uo·

306 2393 435 2480 luptas:
470 2395 564 2479 atqui
598 2395 640 2460 ab
674 2395 738 2460 hac
772 2401 958 2480 occupatus
992 2395 1163 2480 quomodo
1191 2395 1328 2460 resistet
1349 2394 1456 2460 labori

307 2647 357 2698 la
375 2664 406 2700 ae
425 2648 527 2713 scripsi
545 2645 623 2701 Stud.
642 2647 701 2701 crit
720 2649 738 2701 l.
756 2647 772 2701 l.
791 2645 860 2712 (sibi
878 2649 948 2700 caui.
967 2646 1089 2712 Haasc);
1116 2645 1169 2700 sed
1187 2644 1216 2713 l,
1244 2647 1315 2714 quod
1332 2648 1359 2700 ei
1374 2648 1456 2700 iuter·

301 2732 440 2800 potationi
458 2748 553 2786 ausam
571 2731 654 2798 dedit,
673 2749 727 2800 pua
744 2747 798 2800 up..
815 2733 881 2796 sort.
900 2749 934 2784 ea
951 2733 1116 2799 quibusdam
1134 2728 1165 2796 D,
1183 2749 1241 2786 non
1259 2737 1375 2786 tantum
1393 2740 1456 2786 aute

304 2835 412 2886 genera
431 2819 589 2872 addebatur.
693 2818 711 2870 2
733 2816 919 2872 estimatione
936 2817 975 2873 l
1061 2817 1281 2872 bdicscitatem
1299 2816 1351 2884 l¹3
1379 2817 1455 2872 dica-

305 2904 412 2959 citates
440 2903 473 2959 l⁵
563 2906 580 2956 (t
598 2903 744 2971 gaudente
763 2901 783 2958 l
802 2905 829 2971 (e
847 2906 877 2956 iu
894 2919 951 2957 rae.
969 2919 1004 2955 m.
1023 2904 1052 2970 1,·
1072 2911 1153 2957 autea
1172 2901 1182 2955 i
1199 2905 1288 2968 faisse
1304 2905 1375 2970 uid.)

305 2988 443 3043 desidiam
461 2988 496 3045 l*
517 2991 576 3055 (am
594 2993 625 3044 ia
643 3007 700 3044 ras.
718 2991 836 3055 maiore,
856 2989 912 3044 uid.
930 2989 1018 3054 fuisse
1036 3006 1054 3044 a
1071 3005 1106 3043 m.
1125 2989 1154 3042 1:
1172 2987 1362 3054 desidi'iam).

304 3074 580 3144 dissolutionemqa·
607 3082 688 3141 (eras
707 3074 756 3140 ue)
775 3073 811 3130 l⁵
904 3074 993 3128 animi
1012 3081 1042 3128 et
1060 3073 1264 3128 indormientis
1282 3074 1383 3142 scripsi
1403 3077 1453 3142 (up.

303 3161 363 3214 siae
389 3161 444 3226 et);
471 3160 560 3214 animi
593 3160 782 3214 *dormientis
801 3161 854 3227 A¹;
881 3177 950 3228 quae
975 3161 1047 3214 inter
1072 3159 1138 3214 haec
1160 3161 1215 3214 dua
1237 3161 1320 3214 uerte
1342 3159 1455 3224 sueram

303 3245 417 3310 litterae,
435 3247 476 3300 ita
493 3262 589 3300 erasae
606 3253 678 3305 suut,
696 3254 727 3300 ut
746 3247 903 3300 marmiano
916 3246 1090 3312 scinderetur,
1107 3245 1229 3312 nihilque
1245 3245 1324 3298 aliud
1341 3253 1454 3312 apparet

303 3333 359 3386 uisi
378 3339 444 3400 post
461 3331 550 3386 anuni
569 3333 688 3388 litteram
705 3350 719 3400 s
734 3339 837 3399 puncto
855 3337 980 3386 actatum
996 3330 1099 3398 fuisse,-
1126 3333 1156 3383 iu
1173 3347 1224 3398 rap⁴
1243 3347 1342 3384 utaaus
1360 3331 1452 3398 alipta

302 3418 437 3472 recentior
455 3417 659 3473 indormientis
677 3417 834 3485 adscripsit.
903 3416 1096 3472 Sestimattl
1164 3417 1272 3484 ltquas
1290 3433 1371 3470 noua.
1390 3413 1411 3472 Ι)
1428 3423 1453 3470 st

304 3519 361 3571 u9.;
380 3502 494 3572 quasit
546 3503 648 3572 pendit
666 3511 760 3572 totoq;
779 3503 875 3556 animo
891 3502 1021 3557 admittit
1034 3501 1147 3569 scripsi;
1166 3501 1268 3582 pendit
1282 3501 1359 3572 utiq;
1377 3503 1450 3556 enim

303 3588 339 3642 ad
363 3588 455 3643 mittit
478 3589 507 3654 Α,
534 3591 809 3657 malesuasae
832 3590 951 3644 ostendit
969 3589 1093 3654 Maduip,
1120 3588 1164 3640 cui
1185 3589 1295 3652 frustm
1312 3587 1391 3642 Koch
1408 3587 1449 3640 ab·

302 3675 406 3728 rausa
433 3683 485 3738 est;
519 3674 619 3744 pendit
645 3681 698 3728 sut
724 3675 824 3743 utique
852 3674 941 3728 etiam
967 3673 1098 3727 admittit
1123 3674 1193 3727 curti.
1222 3673 1351 3742 Maduip,
1384 3673 1451 3741 quad

299 3776 400 3828 parum
418 3768 513 3827 aptum
532 3777 589 3814 esse
606 3777 666 3815 aim
685 3759 789 3815 Raetia
807 3761 945 3814 consentio
963 3760 1008 3827 (de
1025 3767 1088 3814 toto
1106 3759 1202 3814 animo
1220 3758 1271 3821 cfr.
1289 3775 1315 3812 u.
1334 3775 1356 3812 c.
1375 3759 1449 3827 epist

301 3849 326 3914 3,
345 3850 381 3913 2,·
403 3849 445 3906 95,
463 3849 495 3913 5,·
519 3862 590 3900 caus.
609 3848 646 3900 ad
665 3846 753 3900 Marc.
772 3849 799 3912 2,
817 3848 848 3912 4,·
873 3848 906 3899 de
924 3847 995 3900 uei.
1014 3849 1065 3899 uit.
1087 3846 1128 3909 14,
1146 3847 1180 3910 2,·
1205 3847 1254 3908 cfr.
1274 3845 1357 3898 saum
1373 3843 1450 3908 iufra

302 3947 360 3998 cap.
380 3935 424 3998 21,
443 3935 473 3984 4.·
491 3932 521 3986 in
539 3933 668 3986 animum
686 3931 809 4000 recipit).
917 3933 947 3984 10
966 3931 1065 3986 letall
1159 3931 1190 3984 11
1209 3929 1253 3983 tui
1272 3929 1370 3982 addidi
1388 3930 1449 3994 (cfr.

301 4035 328 4072 u.
347 4035 367 4070 a.
388 4019 463 4085 epist.
482 4021 523 4086 66,
541 4021 586 4084 39;
614 4021 660 4084 92,
678 4019 721 4084 7);
747 4018 919 4086 sepseram
938 4035 970 4070 ae
989 4016 1105 4072 Senecae
1122 4023 1216 4081 mate,
1238 4015 1338 4068 sedes
1354 4016 1449 4068 aduu-

300 4107 371 4158 sarii
387 4104 531 4172 Epicurei,
558 4105 688 4172 uoluptas
710 4119 843 4156 summam
865 4105 963 4158 tonum
986 4110 1033 4168 est,
1062 4119 1109 4156 uec
1126 4103 1186 4156 siue
1203 4103 1253 4155 hoc
1270 4103 1351 4155 uerbo
1371 4109 1448 4168 aptus

301 4190 338 4244 ad
356 4194 495 4257 sequentia
513 4193 648 4246 transitus
666 4197 712 4244 est.
767 4188 799 4241 13
817 4195 884 4242 utor
901 4191 931 4241 iu
948 4187 1169 4258 raaseripsitll⁵
1225 4188 1258 4240 15
1276 4186 1373 4242 iacere
1388 4194 1449 4254 post

301 4293 397 4328 causa
412 4277 519 4331 addunt
535 4293 592 4345 uy;
618 4293 673 4331 uon
691 4290 748 4328 esse
765 4275 796 4328 ia
814 4274 835 4329 ll
853 4275 986 4328 adnatare
1003 4274 1082 4327 chii
1099 4274 1199 4327 attitiae
1216 4280 1263 4338 est,
1290 4289 1339 4326 uec
1355 4273 1447 4326 addito

300 4375 369 4426 epus
387 4376 445 4414 essa
462 4363 548 4416 eredo.
613 4363 644 4416 16
662 4360 794 4430 sapiente
812 4359 931 4414 uacauit
947 4365 996 4413 aut
1012 4361 1042 4412 ia
1059 4375 1116 4412 ras.
1133 4361 1246 4425 scripsit
1263 4356 1298 4413 l⁵
1357 4358 1386 4411 17
1404 4365 1447 4411 est

300 4447 330 4498 iu
353 4445 407 4508 fiae
430 4465 525 4500 uersis
550 4448 613 4500 add.
638 4446 688 4514 l²;
715 4446 797 4502 initio
820 4447 953 4512 sewius
977 4461 1074 4498 uersus
1097 4451 1160 4498 aute
1177 4462 1213 4498 ne
1232 4443 1300 4497 dum
1319 4445 1445 4512 scriptum

300 4555 360 4601 erat
378 4533 412 4614 d,
430 4551 502 4617 qirad
518 4552 602 4604 ausit
619 4553 679 4604 siue
695 4551 777 4604 datia
796 4549 831 4604 Α5
892 4549 924 4602 18
941 4555 973 4602 at
991 4541 1040 4617 qui
1057 4549 1092 4614 l;
1110 4548 1203 4615 aptius
1221 4547 1310 4602 uideri
1327 4548 1445 4612 sasitos

313 4619 395 4705 esui
410 4669 541 4721 namque,
568 4671 622 4720 pua
642 4655 784 4720 particula
806 4667 874 4708 raro
896 4653 1002 4719 quum
1026 4652 1113 4706 utitur
1132 4649 1242 4718 Seneca,
1268 4667 1335 4704 rura
1359 4657 1445 4704 mmet

321 4743 340 4790 ’t
356 4753 396 4804 ep.
414 4739 456 4806 95,
474 4741 522 4806 64,·
549 4741 597 4792 sed
617 4739 743 4794 sistititer
760 4757 848 4807 supra
863 4756 891 4807 p.
909 4741 970 4805 213,
988 4741 1006 4792 4
1025 4737 1106 4806 atqui
1124 4737 1257 4804 adtribuit,
1283 4737 1331 4790 ubi
1349 4751 1445 4790 missae

355 4823 435 4878 'utic
452 4840 512 4878 mm
529 4824 674 4878 obtusione
691 4827 836 4882 coniuncta
854 4831 900 4880 esi.
954 4823 1007 4879 hae
1025 4823 1061 4880 A³
1081 4823 1109 4892 (c
1127 4822 1229 4876 iuras.
1247 4822 1367 4876 ducrum
1383 4820 1442 4888 tiu.)
