3230 5258
396 397 438 438 an
461 397 617 438 rotrarvu
640 397 680 436 na
703 395 941 454 cousoaarrorn,
964 396 1095 438 vi-vu.
1258 374 1320 438 351

164 559 287 642 subici,
323 560 517 641 diacrcndua
540 559 597 626 tibi
621 577 681 625 est.
734 560 811 624 Non
832 559 913 624 licet
935 558 1007 644 tibi,
1041 560 1190 645 inquam,
1223 560 1321 626 flere:

162 677 208 734 ut
239 669 365 734 multos
397 669 520 738 flentes
554 667 666 734 uidcie
700 669 820 755 possis,
854 674 893 732 ut
920 668 1185 753 periclitantium
1215 677 1250 734 et
1278 671 1321 735 ad

162 777 435 844 misericordiam
467 778 637 842 mitissimi
660 776 815 842 Caesaris
838 777 1016 862 peruenire
1040 777 1250 862 cupientium
1272 777 1321 842 la·

163 885 300 966 crimes,
323 886 386 951 tibi
408 893 488 950 tuae
512 885 737 950 adsiccandae
761 891 849 950 sunt.

134 1027 146 1060 ι
252 995 331 1062 VII.
377 995 474 1060 Haeo
503 1001 617 1060 tamen
647 995 748 1059 etiam
775 1016 866 1059 nunc
895 992 1080 1059 latioribus
1103 1003 1138 1058 te
1161 995 1354 1060 remediisl

162 1103 394 1187 adiuuabunt;
423 1125 499 1168 cum
522 1093 624 1168 ucles
641 1103 791 1168 omnium
813 1124 925 1166 rerum
948 1102 1115 1188 obliuisci,
1139 1103 1344 1168 Caesarem

162 1313 397 1322 ——n———-

167 1449 179 1500 l
209 1445 306 1501 subici
326 1443 357 1513 C3
384 1446 493 1528 subicit
511 1444 532 1503 Β
636 1445 813 1516 digerendus
836 1444 891 1500 tibi
909 1452 955 1500 est
972 1448 1074 1514 scripsi
1099 1447 1203 1512 (littera
1223 1447 1322 1516 dpost

161 1549 352 1604 amaedeus
385 1549 412 1602 ci
445 1549 547 1604 mmssa
579 1549 666 1604 latius
699 1551 801 1617 serpsit
831 1551 966 1617 corruptio
998 1551 1153 1616 scripturae
1178 1559 1210 1605 ut
1234 1567 1320 1620 supra

157 1651 190 1702 p.
209 1637 272 1697 291,
301 1633 358 1702 18);
385 1634 541 1704 erigendus
559 1633 584 1688 is
603 1641 649 1689 est
668 1631 719 1700 DE,
746 1636 818 1690 unte
836 1635 991 1690 Pincianus
1014 1635 1171 1704 erigendus
1188 1643 1258 1691 tuus
1275 1643 1321 1690 cst
1431 1669 1437 1682 ·

161 1721 213 1787 (so.
233 1719 369 1786 animus),
395 1719 512 1788 Lipsius
530 1719 685 1788 erigendus
704 1719 766 1790 ipsc
785 1739 825 1786 es,
844 1722 892 1774 sed
908 1721 974 1774 trec
991 1722 1127 1775 sententia
1146 1723 1179 1776 ab
1196 1721 1246 1775 itoc
1264 1724 1321 1777 loco
1412 1731 1414 1734 '

162 1807 260 1860 alieno
278 1813 331 1874 est;
350 1805 511 1875 exigendus
530 1805 555 1860 is
574 1812 620 1861 cst
638 1802 691 1870 BH,
710 1823 728 1860 a
746 1823 801 1874 pua
818 1807 959 1873 scriptura
976 1805 1001 1859 si
1019 1809 1050 1858 iu
1068 1807 1235 1861 emendando
1252 1823 1322 1875 pros

160 1892 339 1956 fimscmsdum
363 1899 410 1958 est,
437 1891 608 1946 reddendum
628 1892 767 1959 suspicari
780 1895 889 1959 possis:
916 1890 1090 1960 exigendum
1108 1891 1163 1945 tibi
1181 1899 1227 1947 est
1254 1893 1321 1958 („du

159 1985 253 2032 mosset
275 1993 366 2046 pmau
392 1979 523 2046 abuapea
548 1979 606 2031 uad
632 1977 796 2042 testimmea,
823 1975 915 2042 toie“),·
951 1978 1000 2030 sed
1024 1978 1141 2031 aiterum
1166 1978 1234 2032 milit
1262 1981 1320 2034 ueri

159 2063 286 2118 statilius
311 2064 429 2118 uidetur.
534 2062 617 2118 flere:
651 2069 685 2116 ut
701 2105 707 2116 .
724 2105 730 2116 .
747 2104 753 2116 .
768 2061 877 2131 possis,
913 2069 947 2116 ut
974 2063 1032 2116 edd.
1060 2070 1124 2118 aute
1151 2062 1318 2118 Groaouium

155 2150 294 2217 plerique,
321 2148 378 2202 uid.
396 2147 473 2204 Sua.
492 2149 553 2203 orit.
572 2151 587 2204 l.
607 2149 637 2214 l.;
665 2146 743 2214 flere,
761 2147 959 2216 ut...possis.
996 2148 1039 2203 Ut
1058 2147 1219 2204 Gronovius
1236 2153 1320 2204 inter·

158 2237 273 2302 punxit.
376 2235 394 2287 2
419 2233 519 2290 uidere
541 2235 654 2302 sorspsi;
681 2231 822 2290 audircO
846 2247 987 2302 mnusque
1007 2234 1067 2288 edd.
1174 2235 1269 2304 possis
1289 2232 1319 2302 (ῖς

160 2328 266 2390 posset
284 2317 306 2376 ll
333 2319 343 2338 '
410 2320 428 2372 3
454 2318 635 2389 cupientium
651 2319 798 2386 lacrimas,
817 2318 871 2372 tibi
890 2319 1000 2386 scripsi,
1018 2320 1088 2373 toas
1106 2321 1269 2375 senteutiam
1287 2328 1321 2376 ut

160 2405 394 2476 periclitantium
406 2448 412 2480 .·
424 2448 430 2460 .
441 2405 577 2461 lacrimas
596 2407 643 2470 (sc.
662 2405 763 2460 uidere
781 2405 889 2475 possis)
908 2405 1117 2473 explicationem
1133 2407 1321 2474 maocedeutis

160 2491 302 2546 continere
319 2499 399 2546 ratus
418 2499 443 2545 et
460 2509 478 2545 a
497 2489 572 2545 codd.
593 2487 660 2548 BHG
678 2491 817 2566 scriptura
832 2493 980 2559 profectus,
1000 2507 1069 2560 piae
1085 2492 1151 2547 hoec
1167 2499 1222 2546 est:
1240 2492 1319 2562 cupi·

160 2577 276 2634 entium
299 2575 438 2632 lacrimae
456 2575 525 2643 tibi,
552 2577 588 2631 ab
606 2577 699 2630 eodan
714 2577 856 2645 profectus
875 2575 1042 2640 Grououius,
1069 2579 1147 2632 cutus
1163 2578 1320 2646 interpunc-

160 2665 265 2719 tiouem
282 2666 339 2716 iam
355 2661 571 2728 commertioroui,
590 2677 651 2716 oum
668 2677 723 2716 uuo
741 2663 831 2717 codice
842 2661 957 2716 Gnate-t
973 2662 1153 2732 cupientium
1171 2664 1318 2732 lacrimae,

160 2749 232 2814 (sic)
250 2747 307 2802 tibi
324 2750 451 2814 scripsit,
479 2750 543 2802 item
560 2763 608 2814 epo
627 2748 691 2802 olim
710 2747 788 2802 Stud.
808 2752 867 2803 orit
887 2749 904 2802 l.
923 2749 953 2802 l:
972 2747 1151 2818 cupientium
1170 2749 1320 2816 (lacrimas

160 2833 285 2900 uidere),
312 2833 451 2888 lacrimae
475 2832 542 2898 tibi3
569 2833 633 2886 item
652 2835 741 2902 Pauly
764 2835 780 2887 l.
800 2835 816 2888 l.
840 2849 867 2900 p.
885 2836 949 2888 816:
977 2833 1156 2903 cupientium
1183 2834 1319 2890 lacrimas

160 2917 309 2986 (siccare),
328 2918 397 2983 tibi;
415 2919 529 2988 &nique
546 2917 683 2972 Schultess
701 2921 718 2973 l.
733 2919 749 2972 l.
766 2935 794 2986 p.
810 2921 880 2972 1153
899 2926 983 2974 totum
1001 2923 1041 2973 sic
1059 2920 1203 2974 coustituit
1219 2922 1320 2976 houm:

161 3005 229 3059 Non
253 3004 324 3058 licet
347 3004 409 3061 tibi
437 3005 564 3072 iuquam,
591 3003 674 3059 flere:
703 3013 735 3056 ιιι
757 3004 865 3058 multos
890 3004 1002 3059 fletus
1025 3005 1126 3060 audire
1144 3005 1240 3075 possis
1267 3003 1319 3077 [ut]

161 3089 395 3160 periclitantium
421 3097 471 3144 et.
489 3132 494 3144 .
510 3089 699 3158 cupientium,
726 3089 864 3145 lacrimas
888 3089 942 3144 tibi
967 3091 1025 3145 tc..
1054 3092 1126 3158 quod
1148 3092 1189 3146 ita
1206 3093 1319 3160 probari

155 3183 262 3244 posset,
289 3177 315 3228 si
333 3177 462 3242 opodoss's
479 3177 545 3230 tare
562 3183 642 3230 esset:
669 3174 755 3230 fletraa
774 3173 828 3228 tibi
847 3181 915 3230 tuus
935 3174 1083 3230 sistendas
1102 3185 1161 3244 est,
1187 3194 1253 3232 som
1270 3195 1320 3234 our

161 3264 295 3316 lammae
322 3277 481 3330 potempuam
507 3279 574 3316 suas
600 3262 767 3331 prohibeant,
794 3261 938 3330 puoruiuus
956 3261 1074 3316 aliorum
1090 3264 1172 3328 fletos
1199 3265 1320 3318 audire

158 3345 272 3416 possit?
308 3347 398 3402 Aliter
413 3347 494 3402 latet
511 3348 634 3402 codicum
652 3343 696 3403 ΒΕ
714 3350 860 3415 scripturo,
878 3347 1096 3416 interpolatione,
1123 3356 1154 3404 ut
1169 3349 1237 3403 mili
1255 3367 1318 3418 per·

162 3449 279 3488 sumtum
297 3439 342 3498 ost,
361 3439 430 3499 orto,
449 3449 519 3501 quoe
536 3433 601 3487 hooc
618 3439 673 3486 est:
691 3431 871 3502 cupientium
889 3431 1027 3487 lacrimae
1043 3434 1164 3502 possint,
1183 3433 1238 3489 tibi
1253 3435 1318 3501 dtc.;

161 3521 234 3572 hauc
252 3517 352 3586 Haupt
369 3521 410 3571 ita
427 3518 571 3582 defendero
588 3524 703 3572 emeatus
722 3525 768 3584 est,
793 3524 823 3573 ut
840 3533 873 3571 ea
890 3520 972 3572 uerbo
989 3517 1185 3575 adsiccandae
1203 3529 1273 3576 sunt
1289 3524 1319 3575 ia

160 3607 270 3673 protasi
294 3603 464 3668 intimitiuum
491 3603 636 3658 adsiccari
662 3603 800 3672 (possint)
827 3605 980 3672 intelteperr
1006 3605 1084 3659 licere
1110 3607 1221 3674 diceret,
1248 3607 1320 3675 quod

162 3690 226 3755 fieri
244 3691 294 3744 uic
310 3705 391 3757 posse
410 3689 587 3759 Maduiptum
606 3695 675 3743 recte
691 3689 797 3742 <titisse
814 3689 907 3756 oredo;
933 3691 968 3744 ab
984 3691 1037 3744 tac
1054 3693 1193 3760 emptura
1211 3693 1319 3746 ductum

162 3793 223 3830 esse
241 3775 358 3840 uadetis,
376 3776 448 3843 stood
465 3783 530 3830 aute
549 3775 722 3829 Grououium
741 3792 783 3843 up.
803 3775 944 3829 edebatur:
968 3775 1105 3832 lacrimae
1123 3777 1244 3846 prosint,
1263 3776 1319 3832 tibi

164 3863 216 3916 dc.
243 3865 281 3916 (et
301 3861 333 3914 in
352 3857 372 3916 B
390 3861 449 3914 alio
470 3877 569 3915 manus
592 3860 622 3914 iu
640 3877 691 3930 mp.
710 3860 824 3930 prosint
846 3861 976 3924 addidit),
1002 3861 1086 3916 ducta
1105 3869 1146 3916 est
1161 3861 1320 3932 Spaldiupti

164 3949 323 4002 coauctura
340 3947 382 4012 (ia
400 3963 491 4000 coiirm.
512 3947 598 4001 Acad.
617 3945 681 4015 Rep.
700 3945 791 4001 Borol.
810 3951 883 4001 1803
898 3963 924 4015 p.
944 3947 1182 4008 uastissimas
1201 3948 1318 4018 (aspici)

164 4032 287 4103 possint,
315 4031 369 4086 tibi
394 4033 444 4086 doc.
490 4033 525 4086 lu
549 4033 606 4086 cod·
625 4031 645 4089 V
665 4040 691 4087 et
706 4049 789 4087 aona
810 4031 924 4088 Gmsteri
939 4033 1076 4100 sciptura
1095 4033 1135 4088 sio
1151 4034 1318 4103 interpolata

165 4127 218 4174 ert:
237 4117 416 4188 cupientium
434 4117 572 4172 lacrimae
591 4117 792 4184 admittantur,
811 4118 866 4172 tibi
884 4119 934 4174 dc.
1004 4119 1209 4175 territandos
1228 4117 1249 4176 Β

163 4207 180 4258 5
208 4204 368 4259 lemoribus
387 4211 417 4258 te
442 4200 499 4269 DE;
526 4203 685 4258 lenioribus
705 4201 748 4261 llll
776 4207 953 4273 (preampuam
970 4209 999 4258 in
1016 4204 1067 4259 ltoo
1084 4207 1198 4274 quidem,
1225 4215 1317 4260 utrum

165 4291 326 4346 leuioribus
349 4307 386 4344 aa
409 4289 569 4345 leuioribus
594 4289 647 4357 lapi
669 4291 771 4354 debeat,
798 4292 930 4345 lacertum
947 4292 1003 4354 est).
1049 4291 1187 4346 Immerito
1207 4291 1318 4346 Fickert

164 4386 190 4432 et
209 4377 287 4432 Koria
312 4380 483 4445 scripturam
497 4374 668 4430 ‘lenioribus
693 4378 897 4444 praemorsas
929 4377 1012 4430 immo
1038 4376 1150 4431 leuiora
1175 4385 1241 4431 sunt
1265 4377 1317 4432 itta

166 4463 293 4530 modia,
312 4479 381 4531 puae
399 4469 481 4516 osteo
497 4463 659 4527 nominauit,
678 4477 739 4516 oum
755 4462 806 4516 hoc
823 4469 991 4532 coruparato,
1009 4462 1080 4530 quod
1097 4479 1169 4517 auno
1186 4463 1316 4532 sequitur,

166 4549 310 4602 Caesarem
327 4549 395 4613 dico,
415 4549 486 4616 prod
501 4545 696 4616 prouissimum
714 4547 773 4601 eires
790 4549 922 4602 colomam
941 4565 998 4602 esse
1015 4549 1097 4602 delet.
1184 4549 1315 4602 (irarum

166 4632 195 4701 0,
219 4635 292 4704 quod
309 4635 334 4689 si
352 4651 446 4690 uerum
465 4641 512 4702 cst,
541 4633 642 4689 toreca
659 4635 702 4688 llio
719 4641 745 4687 et
762 4633 839 4698 iufra
858 4651 916 4702 cop.
935 4637 975 4702 15,
994 4637 1011 4687 3
1028 4652 1076 4688 res
1094 4634 1233 4689 aduersas
1251 4637 1315 4688 sim-

163 4721 271 4790 pliciter
289 4739 335 4774 res
354 4720 591 4776 concremetur.
695 4734 698 4740 ’
