3182 5252
306 340 374 406 298
534 362 561 402 1..
585 361 704 403 susam
725 361 862 404 snrnona
884 361 1085 404 nunoooavu
1108 363 1167 402 nna.
1195 363 1237 403 rx.

307 530 395 595 Cum
418 525 631 614 cogitaueris,
655 547 757 610 quem
779 524 824 590 sit
845 545 923 590 rara
944 524 1142 612 simplicitas
1166 533 1202 592 et
1224 549 1325 613 quam
1341 529 1459 614 ignota

307 637 504 704 innocentia
537 644 573 701 et
604 635 663 701 uix
690 655 859 720 umquam,
893 633 960 698 nisi
988 655 1065 699 cum
1093 635 1241 722 expedit,
1275 635 1371 722 fidae,
1405 637 1460 702 *et
1569 635 1570 656 ¹

308 746 456 812 occurrit
477 751 531 811 tot
553 743 720 810 scelerum
741 743 892 809 felicium
913 741 1015 808 turba
1037 751 1072 808 et
1087 742 1237 808 libidinis
1255 743 1350 811 lucra
1367 745 1459 811 dem-
1569 815 1570 848 ,

306 877 419 941 naque
447 854 575 940 pariter
597 852 708 918 inuisa
729 857 765 917 et
787 850 926 918 ambitio
954 873 1062 938 usque
1085 873 1125 918 eo
1147 853 1216 918 iam
1238 874 1275 918 se
1299 853 1369 920 suis
1390 876 1461 920 non
1569 903 1570 944 ,

308 963 487 1030 continens
510 959 673 1044 terminis,
703 967 742 1026 ut
763 981 826 1047 per
846 959 1093 1046 turpitudinem
1115 959 1311 1047 splendeat:
1346 963 1482 1048 agiturs

307 1072 439 1140 animus
455 1071 491 1136 in
507 1075 653 1153 noctem,
677 1075 712 1135 ot
728 1069 824 1134 uelut
841 1068 969 1135 euersis
986 1067 1179 1154 uirtutibus,
1199 1091 1282 1155 quas
1300 1092 1365 1136 nec
1385 1093 1459 1158 spe-

266 1197 382 1250 arare
414 1180 497 1245 lieet
528 1199 593 1243 nec
621 1176 749 1243 habere
778 1177 929 1265 prodest,
962 1176 1125 1243 tenebrae
1154 1177 1374 1250 oboriuntur„
1420 1181 1461 1246 In

306 1289 373 1356 hoc
411 1289 527 1373 itaque
564 1286 727 1352 flectendi
759 1307 888 1372 sumus,
931 1291 970 1350 ut
1004 1287 1117 1352 omnia
1148 1285 1241 1372 uolgi
1274 1287 1360 1354 uitia
1390 1311 1459 1356 non
1569 1289 1570 1316 ¹

298 1397 417 1484 inuisa
448 1395 548 1462 nobis
578 1395 640 1462 sed
661 1394 806 1462 ridicula
826 1395 1010 1460 uideantur
1032 1401 1068 1461 et
1089 1395 1325 1462 Democritum
1345 1399 1459 1484 potius

305 1505 479 1571 imitemur
495 1525 598 1590 quam
607 1502 834 1588 Heraclitum,
858 1502 915 1568 hic
933 1503 1032 1588 enim,
1056 1503 1213 1590 quotiens
1230 1504 1268 1570 in
1283 1505 1457 1592 publicum
1470 1533 1491 1568 a

305 1618 530 1701 processerat,
564 1610 679 1696 flebat,
712 1609 771 1676 ille
798 1611 944 1697 ridebat,
977 1610 1058 1677 huic
1081 1611 1195 1678 omnia
1217 1635 1304 1698 quae
1327 1613 1457 1701 agimus

267 1721 473 1807 3miseriae,
507 1719 557 1785 illi
586 1719 737 1806 ineptiae
764 1719 978 1786 uidebantur.
1034 1719 1213 1786 Eleuanda
1240 1743 1322 1807 ergo
1346 1721 1457 1788 omnia

306 1838 342 1898 ct
377 1829 472 1897 facili
511 1829 624 1895 animo
662 1826 820 1894 ferenda:
865 1827 1044 1895 humanius
1079 1835 1132 1894 est
1165 1828 1320 1895 deridere
1354 1831 1458 1897 uitam
1569 1877 1570 1894 ,

307 1959 409 2025 quam
437 1937 636 2036 deploraro,·
665 1936 773 2023 adice,
807 1936 900 2022 quod
927 1937 970 2002 de
997 1935 1146 2002 humano
1176 1959 1310 2024 quoque
1332 1960 1456 2024 genere

306 2047 427 2115 melius
461 2052 612 2112 meretur
645 2045 703 2132 qui
735 2029 825 2111 ridet
856 2044 941 2112 illud
974 2067 1076 2130 quam
1109 2046 1168 2131 qui
1194 2045 1304 2132 luget:
1338 2046 1396 2114 ille
1425 2050 1456 2114 ei
1468 2075 1490 2111 a
1569 2039 1570 2128 ]

305 2157 381 2243 spei
406 2156 525 2222 'bonae
549 2154 677 2241 aliquid
697 2152 868 2240 relinquit,
901 2151 958 2218 hic
981 2159 1089 2219 autam
1110 2142 1213 2220 stulte
1237 2154 1342 2222 deflet
1371 2179 1455 2242 quac

305 2263 432 2350 corrigi
459 2284 560 2349 posse
589 2263 764 2349 desperat;
799 2268 835 2327 et
861 2261 1020 2328 uniuersa
1050 2261 1299 2349 contemplatus
1321 2265 1455 2331 maioris

305 2370 410 2437 animi
433 2377 484 2436 est
507 2371 566 2456 qui
586 2370 692 2436 risum
713 2393 783 2436 non
804 2375 901 2434 tenet
923 2389 1025 2455 quam
1047 2370 1105 2455 qui
1130 2369 1297 2457 lacrimas,
1321 2373 1453 2458 quando

306 2479 515 2544 lenissimum
545 2477 717 2545 adfectum
740 2477 844 2544 animi
865 2485 983 2544 mouet
1005 2486 1041 2545 et
1061 2477 1148 2544 nihil
1168 2501 1339 2566 magnum,
1372 2479 1454 2546 nihil

267 2588 443 2671 4serium,
476 2609 520 2652 ne
542 2587 703 2654 miserum
727 2587 865 2673 quidem
887 2609 929 2652 ex
949 2593 1048 2653 tanto
1071 2594 1195 2674 paratu
1216 2595 1325 2673 putet.
1380 2589 1453 2655 Sin·
1466 2615 1486 2652 a

305 2695 395 2782 gula,
427 2683 570 2782 propter
602 2718 689 2782 quac
721 2695 805 2762 laeti
837 2717 878 2760 ac
910 2695 1026 2761 tristes
1060 2717 1184 2782 sumus,
1219 2695 1285 2762 sibi
1315 2698 1453 2784 quisque

305 2810 489 2890 proponat,
524 2811 559 2869 et
587 2804 673 2870 sciet
700 2825 819 2869 uerum
850 2825 924 2870 esee
958 2803 1050 2890 quod
1077 2803 1169 2871 Bion
1197 2803 1299 2872 dixit:
1334 2805 1453 2872 ‘omnia

304 2911 480 2978 hominum
508 2913 650 2998 negotia
679 2911 849 2978 simillima
876 2911 984 2977 initiis
1008 2934 1083 2978 esse
1105 2935 1170 2978 nec
1192 2913 1301 2978 uitam
1322 2912 1453 2980 illorum

1568 2191 1570 2250 l

1569 2395 1570 2444 l

267 3020 414 3105 bmagis
438 3027 592 3086 sanctam
615 3027 674 3086 aut
697 3042 851 3086 seueram
875 3043 950 3086 essa
973 3043 1076 3106 quam
1097 3023 1322 3108 conceptum’a
1363 3021 1453 3088 Nihil
1569 3045 1570 3050 ¹

305 3135 354 3193 erl
386 3130 477 3212 laad,
511 3127 572 3194 sed
605 3129 710 3195 satius
744 3136 797 3194 est
825 3129 982 3215 publicos
1011 3151 1124 3195 mores
1146 3136 1181 3194 et
1202 3129 1352 3197 humana
1373 3131 1485 3196 uitiaa

304 3339 322 3391 4
340 3337 436 3392 inuisa
453 3338 487 3406 Ας
505 3339 648 3396 inusitata
664 3337 703 3395 W.
718 3339 829 3406 Gemoll,
847 3342 897 3395 πίω
913 3346 992 3395 recle.
1045 3338 1061 3392 7
1078 3339 1199 3395 tenebre
1218 3339 1239 3395 Α
1290 3341 1308 3394 8
1325 3341 1405 3410 uulgi
1421 3340 1452 3397 l*

376 3423 409 3476 13
425 3423 489 3478 uit&
507 3423 541 3492 l;
560 3424 635 3480 uitia
652 3425 755 3481 conieci
775 3423 852 3480 sad.
871 3425 931 3481 orit.
949 3426 966 3480 l
985 3426 1003 3479 l.
1075 3425 1106 3479 15
1124 3423 1191 3479 illut
1208 3425 1249 3492 ΑΒ
1269 3441 1337 3482 corr.
1356 3427 1389 3483 A*

842 3512 852 3548 c

303 3559 333 3615 ei
351 3559 453 3627 calpa
468 3561 485 3615 l.
495 3561 526 3629 l,
544 3561 571 3616 a
588 3561 610 3617 Α
647 3597 649 3602 ·
688 3561 721 3615 16
738 3548 853 3632 relinqd
870 3560 941 3617 Αῑ-9
1018 3567 1117 3616 autem
1134 3577 1191 3630 up.;
1209 3568 1260 3616 aut
1276 3561 1297 3618 A
1315 3565 1378 3631 (pro
1395 3550 1451 3628 adt)

403 3645 434 3699 17
452 3644 557 3701 unitas
575 3647 737 3716 conteplat;
756 3646 790 3716 Α;
809 3646 945 3702 uniuerso
964 3647 1177 3716 contemplanti
1194 3649 1262 3702 oola.
1285 3647 1451 3718 Wesenberg,

302 3732 369 3796 sort.
387 3737 464 3786 recle.
586 3733 618 3786 19
644 3731 826 3788 lenissimum
851 3733 951 3801 scripsi
978 3733 1045 3799 ll.;
1073 3731 1225 3787 louissimr'i
1251 3733 1291 3800 At
1319 3735 1368 3788 red
1394 3736 1452 3804 ipsa

303 3832 339 3870 m.
357 3817 374 3870 1
390 3815 442 3871 loc
458 3817 490 3872 in
512 3817 664 3873 lenissimll
688 3819 838 3873 comenses
854 3817 973 3872 uidetur.
1076 3819 1110 3872 20
1137 3817 1246 3874 serium
1266 3819 1398 3890 Nodum,
1423 3837 1451 3875 ee

305 3907 378 3958 uerti
402 3902 424 3960 Α
450 3903 598 3969 (seuerum
620 3903 685 3958 loct
708 3919 741 3957 ac
764 3919 838 3958 cons·
855 3903 895 3957 ad
913 3901 1014 3972 Polyb.
1030 3905 1055 3968 8,
1078 3905 1103 3970 3,
1121 3904 1140 3958 l
1157 3903 1270 3970 desedi
1287 3903 1453 3960 salamari

302 3987 397 4054 aedil,
415 3987 465 4041 uia
481 3989 563 4055 recle)
663 3989 700 4043 21
717 3987 809 4044 latit
911 3987 947 4042 23
964 3987 1112 4044 simillima
1130 3988 1166 4056 l;
1184 3988 1292 4044 similia
1309 4007 1354 4060 up.

303 4091 338 4144 24
356 4078 436 4146 scam
462 4089 483 4146 l
593 4090 781 4160 conceptum'.
814 4091 896 4145 Nihil
922 4095 938 4146 ὅ
964 4092 1049 4158 tenti,
1076 4091 1127 4148 sed
1154 4095 1267 4160 scnpsi3
1296 4099 1452 4164 concepti.

298 4175 414 4248 ,nichilo
441 4175 583 4243 nat;.sed
606 4175 782 4244 Acorruple3
810 4183 969 4248 conceptus
996 4177 1234 4234 inchoatos.Sed
1259 4193 1304 4247 ay.
1331 4181 1396 4234 inde
1421 4179 1452 4232 at

302 4261 434 4328 Eram,
462 4279 516 4331 qam
535 4267 696 4318 correctore
713 4262 813 4318 ullium
831 4265 970 4332 olrepllcr,
996 4279 1052 4318 non
1069 4271 1199 4332 samam
1226 4263 1349 4333 iamque
1366 4265 1452 4320 dicen·

302 4349 368 4402 dum
386 4355 427 4405 eet
443 4356 468 4403 cl
485 4349 518 4403 de
535 4348 637 4403 Kortir'
653 4348 807 4403 constatura
825 4349 1018 4418 (conceptum.
1053 4348 1153 4404 Nihilo
1171 4349 1268 4404 minua
1286 4351 1380 4406 satius
1399 4353 1451 4411 est)

304 4441 330 4488 et
352 4435 385 4488 de
408 4451 440 4488 ea
464 4433 616 4503 corliqmdi
639 4435 754 4502 ralr'one,
782 4450 863 4502 pacm
879 4433 994 4489 Fidem
1015 4443 1043 4491 el
1060 4435 1182 4504 Madcip
1203 4435 1289 4490 seculi
1307 4445 1379 4504 sant,
1408 4439 1452 4504 qul

301 4518 389 4572 cerba
412 4517 521 4572 nichilo
540 4525 628 4574 natus
647 4519 804 4575 miremur
821 4521 935 4575 aliunde
953 4538 985 4575 ea
1003 4519 1115 4576 librarii
1133 4535 1225 4575 errore
1243 4521 1296 4576 tce
1312 4525 1452 4592 irrepsisse

303 4604 374 4671 ναίὴ
401 4619 537 4672 anaplum
555 4613 645 4659 autem
661 4607 691 4659 in
706 4605 844 4674 proximis
862 4607 959 4661 saltem
977 4606 1159 4674 reperiuntur,
1177 4607 1250 4660 unde
1266 4607 1319 4662 luco
1335 4611 1452 4676 irrepere

298 4691 448 4757 potueriat.
489 4689 569 4744 Nihil
587 4697 633 4745 oet
650 4691 734 4758 tanti,
761 4698 793 4746 al
810 4693 842 4747 ot
860 4693 891 4746 ld
907 4699 957 4747 aul
973 4694 1106 4748 laetemur
1125 4701 1173 4748 aul
1190 4693 1398 4762 contristemur,-
1422 4693 1452 4746 sle

301 4779 367 4842 nat;
382 4789 436 4841 pro
455 4773 531 4829 tanti
549 4777 653 4844 scripto
671 4776 723 4843 cfr.
742 4777 779 4832 ad
793 4793 822 4845 p.
841 4778 902 4844 291,
921 4781 961 4833 18.
