3222 5246
305 368 368 432 120
541 393 569 432 n.
593 389 712 431 arram
732 389 868 431 amaras
890 388 1089 431 nranoeoarn
1111 389 1171 430 nra.
1195 390 1223 430 v.

303 554 514 621 uinculorum
535 575 671 640 genera,
703 553 796 618 uaria
817 573 1014 639 poenarum,
1035 551 1260 618 lacerationes
1282 554 1449 622 membro-

302 685 377 730 rum
418 665 472 747 (et)
513 663 752 750 inscriptiones
791 660 915 728 frontis
956 667 991 728 et
1028 660 1216 728 bestiarum
1254 661 1449 729 immanium

303 795 443 840 caueae:
474 773 563 838 inter
585 770 670 838 haec
692 771 919 836 instrumenta
940 769 1127 838 collocetur
1148 770 1199 836 ira
1221 769 1331 836 dirum
1354 771 1450 857 quid·

302 881 380 948 dam
413 888 515 968 atque
547 879 722 946 honidum
754 879 911 964 stridens,
946 879 1112 965 omnibus,
1146 900 1208 965 per
1241 901 1328 965 quae
1357 879 1450 967 furit,

302 989 453 1058 taetrior.
1463 1023 1476 1061 a

268 1111 282 1165 1
384 1098 446 1165 IV.
496 1098 546 1166 Ut
578 1097 622 1164 de
652 1097 774 1164 ceteris
803 1096 944 1162 dubium
972 1098 1031 1183 sit,
1065 1095 1148 1162 nulli
1177 1103 1271 1162 certe
1300 1096 1450 1164 adfectui

299 1207 396 1294 peior
429 1213 483 1272 est
514 1205 637 1291 uultus,
671 1227 772 1291 quem
804 1204 841 1270 in
868 1205 1038 1293 prioribus
1066 1204 1162 1271 libris
1196 1205 1448 1290 descripsimus:

299 1337 457 1402 asperum
490 1321 525 1380 et
558 1337 671 1381 acrem
706 1322 741 1380 et
773 1336 865 1380 nunc
893 1314 1061 1380 subducto
1088 1321 1257 1381 retrorsus
1284 1316 1449 1402 sanguine

298 1422 486 1511 fugatoque
515 1423 711 1510 pellentem,
744 1445 835 1490 nunc
863 1423 898 1490 in
928 1445 965 1490 os
995 1423 1087 1490 omni
1116 1423 1230 1490 calore
1259 1445 1300 1490 ae
1330 1425 1450 1510 spiritu

298 1553 398 1598 uerso
421 1532 711 1599 subrubicundum
728 1539 763 1598 et
779 1531 924 1599 similem
942 1539 1094 1617 cruente,
1116 1533 1213 1598 uenis
1229 1532 1448 1618 tumentibus,
1462 1567 1485 1603 ιο

146 1657 196 1714 foi
214 1658 283 1714 aar·
300 1640 407 1706 oculis
429 1640 438 1726 ll
460 1663 550 1706 nunc
577 1640 719 1728 trepidis
747 1647 783 1707 et
805 1641 1032 1726 exilientibus,
1065 1663 1156 1706 nunc
1178 1641 1214 1706 in
1236 1663 1304 1706 uno
1328 1642 1449 1707 obtutu

264 1749 420 1822 adefixis
443 1756 479 1815 et
499 1749 734 1835 haerentibus;
764 1749 861 1816 adice
885 1749 1038 1816 dentium
1059 1750 1149 1816 inter
1170 1771 1208 1814 se
1230 1749 1449 1815 arietatorum

298 1865 337 1926 at
371 1859 519 1944 aliquem
542 1881 617 1924 esse
645 1859 854 1946 cupientium
881 1879 952 1924 non
979 1857 1081 1924 alium
1110 1879 1240 1942 sonum,
1269 1880 1371 1943 quam
1398 1865 1449 1923 est

300 1967 390 2054 apris
413 1967 483 2033 tela
504 1989 566 2033 sna
588 1967 716 2032 adtritu
739 1965 954 2051 acuentibus3
980 1966 1076 2032 adice
1098 1965 1318 2032 articulorum
1340 1966 1447 2052 crepi-

298 2081 380 2160 tum,
415 2097 492 2141 cum
519 2097 555 2142 se
582 2075 678 2164 ipseo
707 2097 826 2142 manus
854 2073 1026 2160 irangrmt,
1062 2083 1098 2140 et
1118 2075 1290 2161 pulsatum
1312 2075 1447 2162 saepius
1463 2109 1484 2146 a

298 2191 429 2271 pectus,
468 2183 640 2249 anhelitus
674 2184 812 2250 crebros
844 2189 1039 2269 tractosque
1074 2182 1174 2248 altius
1206 2183 1364 2269 gemitus,
1397 2183 1447 2249 in·

297 2292 422 2358 stabile
463 2314 601 2378 corpus,
645 2292 777 2359 incerta
819 2293 935 2358 uerba'
964 2292 1086 2358 subitis
1126 2291 1446 2378 exclamationibus,

297 2400 480 2466 trementia
505 2401 603 2466 labra
629 2401 868 2488 interdumque
892 2422 1076 2487 conpressa
1098 2407 1134 2466 et
1156 2400 1265 2466 dirum
1287 2400 1447 2486 quiddam

262 2522 280 2577 3
298 2508 521 2575 exsibilantia.
566 2509 739 2595 Ferarum,
762 2533 816 2576 me
838 2509 1004 2594 hercules,
1028 2510 1101 2575 siue
1119 2509 1196 2575 illas
1212 2507 1322 2574 fames
1340 2509 1447 2595 agitat

296 2618 370 2684 siue
403 2617 542 2683 infixum
574 2618 763 2684 uisceribus
796 2617 931 2702 ferrum,
965 2617 1076 2684 minus
1109 2625 1221 2684 taetra
1248 2616 1354 2683 facies
1386 2623 1445 2702 est,
1459 2651 1482 2688 a

298 2727 401 2792 etiam
434 2749 510 2792 cum
532 2733 731 2793 uenatorem
752 2749 851 2793 suum
872 2726 1086 2793 semianimes
1108 2747 1224 2792 morsu
1245 2724 1365 2790 ultimo
1387 2747 1445 2811 pe-

296 2841 383 2921 tunt,
407 2858 509 2922 quam
530 2833 676 2902 hominis
698 2835 748 2902 ira
769 2835 956 2922 flagrantis.
1000 2835 1087 2922 Age,
1110 2835 1149 2904 si.
1163 2833 1324 2900 exaudire
1342 2853 1445 2900 uoces

297 2949 337 3010 ac
369 2943 478 3010 minas
511 2951 621 3031 uacet,
667 2944 781 3031 qualia
814 2941 1043 3010 excarnificati
1077 2943 1179 3009 animi
1211 2942 1319 3008 uerba
1351 2944 1445 3008 sunt!

262 3051 418 3118 4Nonne
444 3073 606 3118 reuocare
634 3075 671 3118 se
700 3053 842 3139 quisque
865 3053 908 3118 ab
930 3052 982 3118 ira
1002 3051 1107 3138 uolet,
1140 3073 1217 3117 cum
1238 3049 1446 3118 intellexerit

296 3159 390 3226 illam
413 3183 433 3226 a
455 3181 516 3226 suo
539 3161 685 3248 pn'mum
706 3161 796 3228 malo
819 3161 994 3247 incipere?
1048 3161 1125 3227 Non
1147 3159 1199 3226 uis
1222 3179 1304 3246 ergo
1328 3157 1444 3225 admo-
1457 3195 1481 3233 2⁶

297 3289 397 3334 neam
430 3289 499 3352 eos,
534 3269 592 3355 qui
624 3270 710 3336 iram
743 3271 831 3352 (pro)
865 3289 996 3335 summa
1028 3269 1184 3357 potentia
1217 3273 1378 3334 exercent
1411 3273 1447 3350 et

299 3456 313 3508 1
331 3467 426 3528 pqnaa
447 3473 515 3512 scae
531 3474 631 3526 parum
649 3465 715 3526 apro
733 3459 790 3512 loco
808 3457 909 3513 Seneca
925 3461 1026 3525 poerit,
1054 3475 1138 3528 quare
1153 3458 1203 3512 ltcc
1220 3457 1332 3510 imam
1351 3453 1445 3509 Stude·

296 3541 427 3595 maadum
445 3543 571 3610 offendit·
590 3559 638 3598 nec
655 3551 745 3598 torvrcn
762 3551 869 3598 mutare
888 3544 984 3598 attam.
1079 3545 1097 3598 2
1114 3549 1145 3600 et
1161 3541 1272 3596 eddidit
1287 3539 1445 3606 wesenber«

399 3628 416 3681 4
442 3635 522 3696 *ctffl
550 3628 669 3695 ‚orridtl
687 3629 734 3698 M,
761 3629 810 3684 aad
835 3633 899 3698 atq,
926 3631 956 3684 in
981 3645 1036 3684 ras.
1055 3631 1171 3694 maiora·
1200 3641 1233 3682 ea
1250 3625 1285 3682 ΑΙ
1306 3627 1444 3694 empnam

295 3700 362 3766 teet
378 3713 575 3781 dispiciuntur
592 3733 617 3769 a
636 3732 680 3785 q..
699 3713 819 3770 horridu
905 3715 922 3769 6
940 3713 1062 3780 affectui
1080 3714 1116 3772 Αο
1187 3713 1203 3767 7
1222 3711 1406 3777 describsim;
1424 3710 1443 3767 l

397 3799 415 3852 8
432 3797 576 3854 subducto
593 3800 614 3855 Α
633 3798 665 3868 L;
683 3800 781 3856 subito
798 3817 835 3869 ap
861 3806 926 3855 cate
944 3800 1099 3855 Martum
1202 3796 1343 3866 sauguine
1361 3795 1443 3866 fuga·

297 3889 359 3952 toq,
387 3882 422 3950 Α;
448 3882 609 3954 fugatoque
633 3885 776 3956 sanguine
802 3887 912 3941 Fickert
935 3893 960 3941 et
976 3885 1086 3952 Hccse;
1114 3883 1256 3954 sanguine
1279 3882 1382 3952 fugato
1400 3899 1442 3950 co.

398 3971 415 4023 9
434 3969 517 4038 imos
535 3969 571 4026 l⁵
593 3967 625 4038 L;
643 3970 727 4042 im'ros
746 3972 826 4028 ΑΗ
924 3973 956 4024 11
975 3970 1159 4040 οιίὴὶθιήίδς
1177 3969 1213 4025 l·
1234 3969 1317 4034 (aas.
1336 3967 1358 4030 l)

297 4053 330 4108 13
347 4059 381 4108 ut
399 4053 525 4124 Lipeine;
544 4055 569 4110 ἃ
588 4053 616 4122 Α,
634 4059 649 4110 7
668 4053 687 4113 L
792 4057 824 4110 14
841 4056 944 4110 attritu
963 4055 985 4111 l
1002 4057 1028 4124 (t
1045 4073 1079 4111 ec
1095 4056 1114 4111 d
1131 4051 1254 4110 radendo
1272 4069 1355 4120 ccrr.,·
1372 4052 1444 4106 idem

295 4140 454 4194 certamin
472 4157 523 4209 my.
541 4143 625 4195 iterat
642 4159 714 4197 maa.
732 4143 796 4208 rec.)
911 4143 942 4197 16
967 4141 1059 4211 albius
1077 4159 1144 4196 corr.
1164 4157 1197 4196 aa
1214 4141 1304 4213 aljtus
1321 4147 1387 4209 sort.
1405 4142 1442 4200 Δ*

398 4226 431 4280 le
448 4224 646 4298 interdumqp·
672 4228 708 4285 l⁵
728 4230 811 4296 (arca
830 4227 879 4295 ua)
984 4228 1016 4282 19
1033 4227 1221 4284 exsibilantia
1233 4227 1285 4296 Δις
1304 4227 1443 4284 exsbilan·

1072 4324 1082 4352 Ι

295 4361 338 4416 tia
361 4361 397 4418 l⁰
503 4365 537 4418 24
563 4382 787 4434 reuocareseqq3
814 4373 864 4420 cut
889 4382 1114 4434 reuocaraseqq;
1140 4365 1200 4418 aiae
1226 4367 1308 4420 dubio
1335 4368 1365 4418 ia
1390 4365 1445 4430 fine

294 4463 391 4501 anm
408 4449 503 4503 tabuit
519 4448 571 4518 l²;
589 4466 860 4519 reuocareffseqqsffi
878 4448 927 4516 Αθ,
946 4452 988 4506 ilc
1004 4458 1036 4505 at
1053 4469 1084 4506 ae
1101 4451 1132 4504 in
1149 4465 1239 4516 acrae,
1258 4467 1325 4521 qsq;
1343 4453 1374 4504 ia
1390 4466 1442 4519 my.

294 4531 325 4586 ia
343 4547 397 4587 ras.
417 4533 551 4602 scriptum
566 4539 618 4605 ain
635 4553 775 4598 reuocare
793 4553 825 4591 se
843 4535 965 4605 quisque
983 4533 1003 4592 L
1079 4537 1114 4590 ᾖ
1131 4551 1309 4592 ammoneam
1326 4533 1363 4592 l*

294 4618 329 4672 26
346 4634 400 4688 pro
418 4619 515 4675 addicti
533 4619 612 4679 sad.
630 4623 690 4679 crit.
704 4639 734 4692 p.
751 4621 793 4688 9⁷,
812 4623 862 4687 σίν.
882 4623 914 4676 ce
931 4621 1018 4689 bears.
1037 4621 1090 4690 IV,
1108 4623 1153 4690 32,
1171 4623 1203 4689 2;
1220 4625 1233 4676 1
1249 4622 1315 4689 (te.
1333 4620 1376 4689 in)
1394 4621 1443 4676 boc

295 4703 351 4759 loco
370 4701 390 4761 L
407 4705 494 4760 tabet.
