3182 5252
299 329 363 396 266
527 354 556 394 n.
579 353 698 394 nuum
719 352 857 395 sinuosa
879 353 1081 396 nmnooouvu
1103 355 1164 395 nm.
1188 355 1231 396 rx.

297 520 400 584 rebus
434 517 547 584 adfert
581 517 818 604 constantiam,
853 516 919 584 hoc
952 517 1073 584 uitium
1105 517 1189 584 mihi
1222 517 1322 584 altius
1353 517 1450 604 figet;

298 633 370 692 tam
404 627 572 692 malorum
600 649 703 712 quam
730 626 901 693 bonorum
927 626 1033 714 longa
1061 625 1276 692 conuersatio
1306 648 1453 694 amorem
1566 615 1567 630 ¹

266 733 420 802 tinduit.
476 735 573 802 Haec
601 733 705 800 animi
732 736 822 802 inter
849 743 1030 822 utrumque
1059 735 1164 819 dubii,
1197 758 1261 800 nec
1290 736 1334 802 ad
1360 743 1455 802 recta

300 842 437 910 fortiter
463 867 528 910 nec
557 843 600 910 ed
622 867 728 932 praua
750 845 934 932 uergentis,
967 843 1146 910 infirmitas
1169 844 1278 930 qualis
1300 845 1360 928 sits
1387 867 1455 910 non

302 959 372 1018 tam
395 953 500 1019 semel
522 953 587 1020 tibi
608 975 749 1040 possum
772 975 873 1039 quam
894 975 957 1041 per
979 959 1094 1041 partes
1117 952 1313 1038 ostendere;
1345 953 1480 1022 dicante

267 1066 285 1121 5
304 1083 390 1146 quae
414 1061 572 1127 accidant
592 1060 692 1128 mihi:
714 1069 753 1128 tu
775 1061 894 1128 morbo
917 1083 1044 1128 nomen
1064 1061 1229 1128 inuenies.
1273 1061 1385 1126 Tenet
1401 1083 1454 1126 me

303 1191 452 1236 summus
476 1193 570 1236 amor
591 1170 828 1256 parsimoniae,
858 1168 984 1236 fateor:
1015 1170 1129 1257 placet
1150 1191 1221 1236 non
1241 1169 1278 1234 in
1301 1168 1455 1236 ambitio-

302 1299 380 1344 nem
402 1279 513 1344 cubile
536 1279 771 1367 compositum,
792 1301 864 1346 non
882 1301 923 1344 ex
940 1278 1056 1345 arcula
1072 1278 1206 1365 prolata
1222 1277 1329 1343 uestis
1354 1277 1454 1362 [pon]

303 1387 513 1474 ponderibus
547 1411 587 1454 ac
619 1387 712 1454 mille
745 1388 924 1454 tormentis
959 1385 1139 1474 splendere
1168 1386 1373 1474 cogentibus
1401 1409 1455 1451 ex-

303 1517 430 1583 presse,
465 1497 527 1562 sed
555 1496 744 1563 domestica
772 1503 807 1562 et
834 1495 922 1580 uilis,
956 1517 1020 1561 nec
1049 1503 1186 1562 seruata
1207 1517 1271 1561 nec
1295 1495 1457 1562 sumenda
1471 1529 1492 1564 ιο

269 1615 287 1670 6
304 1603 465 1689 sollicite;
488 1605 604 1692 placet
626 1606 731 1691 cibus,
755 1627 857 1690 quem
878 1627 943 1670 nec
965 1610 1088 1690 parent
1107 1602 1258 1669 familiae
1277 1625 1343 1668 nec
1362 1626 1455 1690 spec-

304 1718 389 1796 tent,
411 1735 482 1780 non
505 1721 584 1779 ante
606 1713 731 1780 multos
753 1715 940 1800 imperatus
964 1713 1036 1778 dies
1058 1733 1122 1778 nec
1145 1712 1329 1777 multorum
1352 1713 1456 1778 mani-

303 1821 367 1886 bus
397 1822 616 1908 ministratus,
652 1822 713 1888 sed
739 1820 901 1910 parabilis
923 1819 1111 1906 facilisque,
1144 1820 1230 1886 nihil
1251 1818 1384 1886 habens
1406 1843 1455 1886 ar-
1569 1815 1570 1848 ³

305 1929 420 1994 cessiti
449 1931 645 2016 pretiosiue‚
679 1930 825 1996 ubilibet
852 1953 924 1995 non
946 1927 1134 2012 defilturus,
1167 1951 1232 1994 nec
1254 1930 1455 2016 patrimonio

271 2048 368 2103 tneo
399 2041 533 2126 corpori
562 2039 693 2128 grauis,
726 2060 797 2104 non
824 2038 995 2105 redibuus
1025 2060 1092 2123 qua
1117 2037 1312 2122 intrauerit;
1346 2037 1457 2124 placet
1470 2071 1491 2107 u

304 2146 459 2213 minister
480 2149 628 2214 incultus
653 2155 688 2214 et
708 2147 803 2214 rudis
826 2145 976 2231 uernula,
1011 2153 1190 2232 argentum
1212 2167 1319 2232 graue
1341 2145 1457 2212 rustici
1570 2204 1571 2214 ,

304 2254 412 2340 patris
441 2256 513 2321 sine
542 2257 610 2322 ullo
639 2257 778 2324 nomine
807 2255 957 2340 artificis,
992 2261 1026 2320 et
1054 2277 1172 2320 mensa
1199 2275 1270 2320 non
1292 2254 1456 2319 uarietate

304 2364 513 2430 macularum
542 2365 727 2451 conspicua
754 2387 819 2430 nee
846 2386 908 2451 per
936 2363 1062 2429 multas
1085 2362 1301 2428 dominorum
1324 2363 1456 2448 elegen-

304 2473 391 2536 tium
414 2474 647 2540 successiones
671 2473 803 2538 ciuitati
824 2479 916 2558 nota,
955 2471 1015 2537 sed
1037 2471 1074 2538 in
1095 2495 1194 2538 usum
1215 2471 1340 2558 posita,
1374 2494 1456 2557 quae

305 2579 432 2646 nullius
463 2583 628 2648 conuiuae
652 2581 768 2649 oculos
790 2603 855 2646 nec
878 2581 1056 2668 uoluptate
1078 2589 1230 2647 moretur
1251 2603 1315 2646 neo
1340 2603 1456 2646 accen·
1469 2611 1490 2648 u
1571 2655 1572 2662 ἵ

270 2689 367 2756 edat
394 2689 533 2757 inuidia.
589 2690 674 2756 (lum
700 2691 789 2756 bene
812 2691 879 2755 ista
899 2689 1110 2776 placuerrmt,
1143 2689 1366 2775 praestringit
1388 2689 1456 2755 ani-
1571 2683 1572 2688 ’

305 2819 397 2862 mum
428 2806 610 2886 apparatus
641 2799 781 2865 alicuius
812 2797 1033 2885 paedagogii,
1067 2797 1264 2883 diligentius
1295 2819 1398 2882 quam
1423 2797 1457 2861 in

306 2906 431 2971 tralatu
459 2909 586 2974 uestita
614 2915 649 2973 et
671 2931 753 2974 auro
777 2907 868 2972 culta
889 2905 1059 2991 mancipia
1082 2913 1116 2970 et
1139 2927 1262 2991 agmen
1284 2927 1457 2970 seruorum

306 3014 496 3101 nitentium,
519 3017 588 3082 iam
610 3017 730 3082 domus
755 3015 857 3081 etiam
880 3038 947 3102 qua
971 3014 1121 3079 calcatur
1142 3013 1293 3099 pretiosa
1316 3021 1351 3078 et
1374 3013 1457 3078 diui-

305 3123 363 3188 tiis
390 3146 453 3210 per
481 3147 599 3191 omnes
628 3124 771 3211 angulos
801 3123 973 3210 dissipatis
1006 3129 1099 3188 tecta
1127 3123 1202 3208 ipsa
1234 3121 1403 3208 fulgentia
1425 3131 1490 3188 eto

306 3231 500 3297 adsectator
534 3256 714 3318 comesque
746 3233 1025 3318 patrimoniorum
1054 3231 1269 3318 pereuntium
1296 3231 1456 3318 populus;

307 3339 389 3424 quid
421 3340 629 3427 perlucentis
663 3342 707 3406 ad
740 3341 845 3406 imum
879 3361 983 3426 aquas
1018 3346 1053 3404 et
1087 3338 1353 3405 circumfluentis
1387 3341 1458 3426 ipsa

272 3449 475 3534 9conuiuia,
500 3450 583 3534 quid
607 3449 722 3536 epulas
744 3448 866 3535 loquar
888 3469 1013 3514 scaena
1036 3470 1097 3514 sua
1120 3447 1264 3533 dignas?
1309 3447 1456 3513 Circum·

306 3723 322 3776 'l
342 3722 371 3776 in
390 3722 578 3778 ambitionem
596 3741 640 3792 up.
659 3725 721 3778 inde
739 3726 774 3779 ol>
792 3723 927 3788 Erosnro;
947 3721 1108 3777 inabitione
1127 3720 1148 3777 l
1251 3722 1269 3776 8
1288 3721 1421 3792 adpositu
1438 3721 1456 3776 l

926 3821 939 3846 n
1096 3818 1111 3846 u

408 3877 466 3914 non
492 3860 569 3914 uncia
591 3861 698 3914 inclusi.
804 3862 835 3914 11
862 3866 946 3930 paret
965 3903 987 3915 ..
1003 3865 1117 3928 spectet
1135 3857 1229 3924 l·-²;
1248 3863 1333 3926 paret
1351 3855 1457 3912 familia

306 3963 360 3999 nec
384 3951 498 4014 spectet
520 3947 628 4000 morrull
648 3945 769 4014 Gonace,
796 3947 910 4000 uerbum
932 3963 956 4013 q.
973 3962 995 3998 e.
1013 3943 1142 3999 familiae
1164 3945 1273 4011 plurali
1298 3959 1407 3996 nuowro
1427 3941 1458 3994 cle

305 4033 391 4084 unius
407 4032 526 4085 hominis
544 4031 632 4084 semia
649 4047 705 4085 uon
725 4038 796 4085 recle
811 4034 882 4098 poni
896 4037 1014 4097 putenm
1041 4030 1107 4083 milei
1127 4039 1217 4084 manen
1235 4029 1339 4083 Seneca
1357 4028 1397 4084 sic
1410 4043 1456 4095 per

306 4118 519 4184 superlationem
537 4117 610 4184 loqui
625 4117 751 4184 potuisse
769 4116 886 4180 uidetur,
914 4114 993 4182 quoa
1011 4132 1067 4169 uno
1086 4117 1180 4169 domus
1194 4122 1311 4184 propter
1328 4117 1456 4183 tepentem

305 4217 448 4256 seruorum
475 4219 615 4256 lacunarum
639 4203 766 4270 plurium
788 4201 913 4265 famelius
937 4200 1111 4255 continuerit.
1217 4202 1250 4254 14
1277 4197 1456 4270 pretio.aiue

305 4286 447 4344 ubilibet
465 4287 494 4352 A,
519 4304 588 4343 corr.
608 4287 758 4342 Pincianus
776 4295 801 4341 el
819 4287 937 4341 Lectius.
1045 4287 1077 4341 18
1095 4285 1273 4354 elegantium
1293 4301 1377 4339 nona.
1397 4281 1417 4340 ll
1435 4287 1458 4334 et

305 4391 363 4444 πμ
388 4374 564 4444 elegantdd
667 4375 701 4428 21
727 4371 941 4442 prestringitrl
1044 4373 1078 4426 22
1105 4371 1276 4441 paedagogii
1295 4387 1378 4425 nona.
1396 4366 1417 4425 ll
1434 4373 1458 4420 et

306 4528 350 4580 up.
368 4511 431 4566 inde
449 4529 466 4564 o
486 4511 609 4578 Murem
636 4509 793 4578 pedagogit
812 4511 868 4577 (uel
886 4509 1059 4579 pedagogia)
1078 4509 1100 4566 l
1202 4510 1236 4562 24
1260 4455 1360 4562 diuitis
1377 4507 1455 4573 (con.

293 4597 370 4660 sort.
389 4613 423 4652 oa.
442 4599 468 4658 1}
496 4596 517 4653 Α
620 4597 654 4650 27
683 4594 889 4650 ciroufluentes
907 4595 936 4660 Α,
964 4596 1035 4662 quod
1061 4595 1168 4650 corraei
1192 4600 1306 4662 propter
1331 4591 1454 4646 amla-

306 4683 403 4736 anan.
508 4685 542 4737 28
560 4699 667 4754 scena*
693 4683 768 4749 (eros
786 4680 813 4745 s)
831 4680 853 4737 l
