3176 5248
315 379 377 444 188
539 405 568 445 n.
591 403 866 446 amensamens
887 405 1088 448 nmnoooavn
1109 409 1169 450 ms.
1192 409 1234 452 vr.

312 591 404 633 mum
432 569 541 654 ipsam
567 568 715 634 insulam
743 570 785 635 ab
814 569 915 636 Itolia
937 577 1083 657 augirsto
1105 570 1336 638 interscissam
1358 571 1471 658 freto,

313 699 413 763 quam
436 677 626 743 continenti
649 677 820 763 quondam
842 677 1036 744 cohaesisse
1059 686 1210 766 constat;
1233 681 1386 748 subitum
1405 682 1470 748 illo

312 808 404 852 mare
426 786 554 874 imupit
576 793 612 852 et

615 895 790 966 Hesperium
807 896 906 952 Siculo
924 897 1003 953 latus
1021 897 1154 953 abscidit.

311 1004 446 1070 Deinde
468 1005 616 1090 uidebis,
649 1004 767 1071 licebit
797 1006 886 1072 enim
915 1006 978 1072 tihi
1004 1007 1236 1074 auidissimum
1258 1009 1361 1074 maris
1384 1032 1492 1079 uer-e

225 1135 227 1138 ·
311 1113 414 1179 tieem
440 1114 683 1200 perstringere,
723 1121 865 1180 stratam
905 1115 997 1180 illem
1029 1115 1221 1182 fabulosam
1255 1116 1464 1201 Charybdin,

313 1245 414 1308 quam
441 1222 499 1288 diu
527 1222 569 1287 ab
594 1229 707 1288 austro
730 1230 847 1308 uacat,
881 1229 930 1309 at,
960 1225 988 1290 si
1018 1225 1101 1310 quid
1123 1225 1202 1291 inde
1224 1225 1464 1293 uehementius

313 1329 469 1417 spireuit,
509 1353 632 1417 magno
671 1330 767 1398 hiatu
803 1331 1041 1420 profundoque
1073 1335 1222 1422 mauigia
1254 1336 1462 1402 sorbentem.

159 1439 164 1448 '
278 1439 456 1511 3Uidebis
496 1439 799 1506 celebratissimum
832 1441 1038 1509 carminibus
1075 1440 1208 1510 fontem
1242 1442 1467 1530 Arethusam,

312 1548 505 1614 nitidissimi
528 1571 567 1614 ac
590 1549 755 1636 perlucidi
779 1549 823 1614 ad
844 1549 948 1614 imum
965 1551 1088 1637 stagni,
1111 1552 1336 1639 gelidissimas
1355 1577 1460 1640 aquas
1474 1589 1496 1624 lo

312 1656 585 1744 profundentem,
608 1658 681 1723 sine
703 1657 778 1724 illas
799 1658 848 1723 ibi
869 1658 1015 1744 primum
1031 1664 1203 1727 nascentis
1220 1662 1364 1748 inuenit,
1388 1663 1459 1728 siue

311 1766 481 1853 inlapsum
512 1766 612 1832 terris
644 1766 772 1832 flumen
799 1767 970 1852 integrum
999 1768 1118 1834 subter
1146 1775 1199 1836 tot
1227 1771 1334 1838 maria
1365 1779 1400 1837 et
1422 1775 1460 1838 ab

278 1875 513 1949 sooufusione
551 1875 676 1962 peioris
716 1874 828 1941 undae
868 1881 1041 1974 seruatum
1084 1878 1243 1945 reddidit.
1315 1881 1459 1948 Uidebis
1572 1905 1573 1914 ¹

312 1992 448 2072 portum
471 1984 718 2070 quietissimum
740 1985 903 2070 omnium,
937 2006 1022 2070 quos
1052 1993 1111 2051 out
1139 1994 1261 2054 natura
1288 1989 1405 2076 posuit
1424 1989 1460 2054 in

311 2093 453 2160 tutelam
486 2093 645 2159 classium
677 2099 736 2158 aut
770 2092 901 2158 adiuuit
932 2116 1066 2178 monus,
1100 2094 1149 2159 sic
1182 2103 1311 2179 tntum,
1345 2103 1385 2163 ut
1416 2119 1459 2162 ue
1472 2131 1494 2168 ιε
1572 2091 1573 2186 l

312 2202 533 2268 maximarum
550 2201 686 2286 quidem
703 2203 958 2288 tempestatium
974 2200 1081 2268 furori
1097 2202 1192 2269 locus
1211 2205 1264 2270 sit.
1305 2205 1458 2289 Uidebis,

311 2311 370 2377 ubi
391 2309 604 2376 Athenarum
625 2311 779 2396 potentia
801 2309 933 2396 fracto[,
965 2310 1035 2394 ubi]
1060 2317 1114 2377 tot
1134 2313 1227 2378 milia
1247 2315 1459 2399 captiuorum

312 2419 370 2486 ille
394 2419 514 2486 excisis
536 2418 573 2484 in
593 2419 762 2485 infinitam
783 2417 998 2486 altitudinem
1021 2419 1110 2485 saxis
1129 2424 1150 2500 †
1167 2421 1324 2488 nauliuus
1346 2444 1459 2488 carcer

312 2629 542 2638 ——-———-—

315 2765 328 2816 1
355 2761 550 2832 mustelas
584 2743 592 2760 '
652 2764 669 2818 4
696 2779 730 2817 a
755 2761 855 2830 oepit.
881 2762 948 2816 Aa.
972 2762 1030 2830 111,
1053 2765 1113 2820 ers.
1222 2767 1239 2819 e
1265 2765 1460 2835 parasangas

313 2848 481 2915 Piericam,
516 2849 574 2904 uid.
601 2848 676 2904 Stoa
705 2848 763 2904 crit.
787 2865 816 2916 p.
844 2849 911 2914 112;
947 2848 1124 2918 restringere
1152 2849 1173 2906 A
1277 2850 1460 2924 Charybdim,

314 2934 452 3004 quamdiu
469 2936 506 2989 ab
525 2941 626 2990 austro
644 2940 738 3000 uacat
765 2941 797 2988 at
814 2932 989 3003 Bonyom'us
1014 2933 1193 3006 (Charybdin
1211 2937 1308 2991 scribit
1325 2937 1460 3005 Lipsius»

314 3019 446 3075 charibdi
463 3038 570 3090 aquam
580 3062 586 3075 .
596 3020 646 3074 diu
664 3021 803 3074 abaustro
821 3025 909 3073 uacat
926 3025 958 3072 at
973 3017 1019 3086 ΑΙ,
1045 3021 1093 3073 aed
1110 3021 1206 3076 aalma
1223 3023 1308 3076 uerbo
1325 3020 1362 3078 A⁵
1382 3023 1459 3077 ianr-

311 3109 403 3174 poar'ta
426 3107 518 3161 littera
542 3117 558 3160 a
581 3109 622 3160 sic
644 3105 776 3168 correxit,
809 3111 839 3158 ot
862 3105 938 3170 fieret
959 3109 1123 3160 necatam
1149 3107 1178 3164 (i.
1203 3125 1224 3162 e.
1247 3107 1460 3172 uacatamat),

313 3193 385 3246 made
408 3193 487 3246 muta·
504 3188 525 3248 D
544 3192 652 3261 longius
669 3193 847 3258 aberrarant3
874 3190 930 3244 aid.
949 3190 1012 3245 edit.
1032 3190 1161 3247 Μανῆ.
1265 3194 1281 3247 7
1309 3192 1400 3263 siquit
1417 3192 1459 3258 ΑΙ,

314 3295 382 3332 corr.
402 3277 438 3333 A'
545 3279 576 3330 11
594 3277 660 3331 illas
678 3275 720 3330 ibi
737 3293 781 3344 αθ.
798 3283 863 3343 post
881 3277 1058 3342 Piscinam
1085 3276 1136 3332 illa
1154 3277 1210 3333 sibi
1228 3277 1262 3344 A;
1285 3277 1352 3334 illas
1372 3279 1427 3334 sibi
1444 3275 1460 3334 F

313 3370 345 3418 ut
362 3359 453 3420 aziib
556 3362 707 3417 noscentis
725 3361 760 3426 A;
777 3378 902 3416 nascens
919 3357 1043 3418 nonnil
1148 3363 1180 3418 12
1198 3363 1342 3433 inlapsum
1362 3365 1460 3434 scripsi

316 3448 393 3504 Shad.
412 3449 471 3504 crit
491 3450 508 3503 1.
527 3449 553 3514 1.,
570 3448 618 3502 ahi
637 3447 719 3502 etiam
736 3447 770 3502 de
787 3447 907 3500 oliorum
925 3448 1086 3502 coniecturis
1104 3449 1210 3516 reatuin
1229 3448 1356 3518 inipsum
1376 3449 1397 3506 A

315 3541 345 3590 et
368 3552 386 3588 o
408 3533 578 3589 confusione
601 3529 618 3590 F
641 3539 673 3586 ut
694 3548 752 3600 uoq
779 3537 810 3587 et
831 3530 1041 3588 adcoufusione
1063 3531 1085 3590 A
1112 3535 1141 3601 (o
1165 3551 1217 3602 oco
1235 3537 1324 3602 paulo
1347 3537 1460 3604 propior

282 3682 287 3696 Ι
314 3622 390 3676 obest
407 3621 444 3675 ab
464 3617 645 3684 confusione)
751 3617 783 3671 13
808 3617 925 3674 undeA
1027 3617 1155 3674 reddidit
1173 3619 1202 3688 A,
1229 3618 1325 3676 reddit
1342 3637 1415 3676 unua
1433 3617 1459 3686 D,

315 3706 387 3775 qaod
407 3709 510 3762 rectius
532 3703 648 3758 uidero.
754 3703 786 3756 15
811 3703 935 3758 tutelam
958 3719 1016 3772 ay.;
1043 3703 1176 3761 tutelaA
1279 3723 1383 3762 manus
1409 3724 1460 3776 ¹¹9⁴

314 3811 419 3848 munus
438 3791 459 3847 A
521 3791 552 3844 l'l
571 3789 621 3844 ubi
638 3789 717 3844 unda
735 3789 843 3843 induci.
905 3789 938 3842 18
955 3787 1035 3843 saxis
1053 3805 1141 3858 supro
1157 3807 1269 3846 aarum
1287 3791 1351 3845 αάὀ.
1370 3793 1406 3847 A·
1425 3791 1459 3856 (?)

408 3875 544 3932 nauliuus
563 3875 585 3932 A
602 3882 727 3943 corrupte
750 3873 907 3941 (caulium,
925 3873 1070 3942 nsulinus,
1088 3875 1213 3942 naulius,
1231 3875 1368 3930 uaulimis
1385 3876 1460 3930 uode

316 3960 363 4031 D);
389 3963 508 4019 natiuus
532 3961 741 4029 contorpere,
768 3960 848 4028 quod,
875 3975 934 4014 cum
957 3963 1020 4014 ueri
1039 3962 1155 4028 speciem
1176 3963 1284 4028 habeat,
1312 3967 1402 4016 tamen
1425 3978 1460 4017 aa

314 4065 369 4104 non
395 4033 489 4104 ueram
514 4049 551 4103 sit
572 4047 679 4114 destim-
706 4061 789 4113 aequ
812 4045 884 4099 esim
908 4061 1002 4100 carcer
1023 4045 1075 4100 hoc
1095 4049 1203 4101 ratione
1225 4053 1310 4114 ortua
1337 4047 1460 4115 oomnis

315 4135 371 4191 clio
398 4134 517 4200 masilia,
545 4148 601 4187 noa
622 4138 653 4186 ot
675 4147 769 4187 carcer
791 4131 951 4198 efficeretur,
979 4133 1124 4186 arcudio
1146 4133 1224 4198 facto
1246 4135 1291 4200 eit,
1318 4139 1394 4188 recto
1416 4140 1460 4186 cat

315 4223 410 4276 sclam
430 4219 547 4288 propria
571 4217 755 4294 appellatione
777 4213 896 4269 natiuae
920 4216 1016 4270 uocari
1032 4223 1129 4285 ponet,
1154 4225 1188 4282 et,
1214 4217 1240 4271 ai
1257 4217 1460 4284 eonferendum

315 4321 433 4372 cenaeos,
460 4312 551 4360 ramea
573 4301 692 4356 abaci
716 4299 823 4356 excisis
847 4299 925 4355 saxis
950 4317 1008 4354 cum
1032 4301 1167 4357 αάίεοτίκο
1190 4319 1214 4370 q.
1234 4318 1255 4356 e.
1273 4301 1393 4357 natiuus
1410 4319 1460 4357 aon

315 4397 385 4445 recte
402 4390 531 4458 coniungi
544 4394 671 4456 poseant,
689 4387 731 4440 tto
748 4387 890 4440 strabam
909 4386 1004 4440 addito
1023 4403 1076 4442 uno
1093 4387 1177 4442 aerbo
1194 4387 1366 4444 εονίὸοηάωη
1383 4396 1459 4443 earet-¹

318 4475 533 4544 ..captiuorum
560 4473 666 4539 (ortus)
694 4472 743 4526 ille
770 4471 998 4526 excisssaxis
1025 4471 1143 4527 natiuae
1171 4491 1271 4529 carcer
1297 4473 1458 4530 incluserat

317 4560 438 4613 Ceterum
461 4577 517 4613 non
537 4574 579 4611 me
600 4556 724 4625 poenitet
744 4571 843 4624 eorum,
871 4573 940 4624 quoe
959 4555 1036 4611 stud.
1056 4557 1115 4612 crit.
1131 4575 1159 4626 p.
1178 4561 1216 4612 23
1234 4574 1273 4626 sq.
1291 4560 1324 4614 de
1340 4559 1392 4614 hoc
1408 4561 1459 4614 loco

316 4645 466 4710 disputaret,
494 4651 526 4708 et,
553 4643 578 4698 ai
600 4657 697 4696 caum
719 4641 936 4696 additamentum
959 4641 1101 4708 coxisset,
1128 4643 1169 4697 etc
1186 4643 1358 4698 cenomanen
1375 4645 1459 4699 creda

315 4728 366 4784 ille
383 4727 499 4783 excisus
510 4769 515 4782 .
526 4769 532 4782 .
543 4769 549 4782 .
560 4727 639 4782 saxis
657 4725 776 4780 natiuus
794 4742 902 4794 carcer,
920 4729 971 4792 clr.
990 4729 1067 4798 epist.
1084 4728 1126 4796 86,
1144 4729 1169 4784 8.
