3176 5248
305 344 368 408 232
528 369 555 408 a.
580 367 697 408 arsam
718 367 855 408 sasaoan
877 367 1077 408 uranosoavu
1099 369 1160 408 ms.
1184 368 1238 409 v11.

196 588 197 591 ,
304 531 412 616 malis,
441 533 578 599 morbos
602 531 687 615 dieo,
716 531 846 618 funera,
869 531 1062 598 debilitates
1086 539 1121 597 et
1143 538 1258 598 oetsra
1281 555 1323 598 ex
1351 539 1467 598 trans-

270 658 402 712 ‘luerso
433 642 468 706 iu
498 641 605 708 uitam
633 641 816 707 humanam
846 641 1062 708 incurrentia.
1119 641 1289 728 Quicquid
1317 666 1366 708 ex
1391 642 1465 708 uni-

305 751 395 816 uersi
439 751 684 817 constitutione
727 749 926 837 patiendum
971 757 1037 834 est,
1088 772 1212 838 magno
1257 751 1467 838 suscipiatur

306 861 434 927 animo:
469 859 599 925 adhoc
622 866 871 926 sacramentum
894 859 1006 924 adacti
1029 881 1152 944 sumus,
1186 859 1276 926 ferre
1298 861 1466 926 mortalia

305 991 369 1034 neo
396 967 590 1055 perturbari
611 967 662 1052 iis,
697 990 783 1053 quse
806 969 914 1034 uitare
936 990 1005 1033 non
1029 974 1081 1032 est
1103 975 1240 1034 nostrae
1262 968 1490 1056 potestatise

305 1079 347 1143 ln
368 1099 475 1162 reguo
499 1075 572 1142 nati
594 1099 724 1162 sumus;
749 1077 813 1143 deo
836 1099 957 1164 parere
978 1076 1119 1142 libemas
1145 1083 1206 1142 est.

273 1209 287 1261 1
390 1185 487 1251 XVI.
532 1187 624 1272 Ergo
646 1187 683 1252 in
706 1187 831 1252 uirtute
854 1187 966 1272 posita
989 1193 1042 1251 est
1063 1208 1146 1251 uera
1162 1184 1318 1253 felicitas.
1368 1173 1503 1264 Quid'

305 1294 390 1362 haee
418 1295 482 1359 tibi
503 1295 612 1360 uirtus
635 1295 814 1361 suadebit?
847 1319 891 1361 ne
914 1295 997 1382 quid
1019 1301 1078 1360 aut
1099 1296 1227 1362 bonum
1250 1301 1309 1361 aut
1329 1296 1463 1360 malum

307 1404 493 1487 existimes,
545 1403 637 1488 quod
682 1427 746 1468 neo
788 1405 914 1470 uirtute
954 1425 1019 1470 neo
1052 1403 1183 1471 mulitia
1220 1405 1461 1490 contingetar3

306 1511 439 1595 deinde,
467 1520 506 1576 ut
528 1511 574 1577 sis
596 1511 767 1577 inmobilis
792 1519 826 1578 et
848 1518 968 1578 eontra
988 1511 1114 1578 malum
1137 1513 1192 1594 (et)
1217 1536 1258 1578 ex
1279 1512 1386 1598 bono,
1410 1520 1459 1597 ut,
1475 1547 1497 1582 ιο

271 1636 373 1706 tque
395 1617 447 1684 fas
470 1627 532 1706 est,
555 1621 656 1686 deum
679 1619 831 1708 effingas.
877 1621 970 1699 Qud
990 1621 1054 1686 tibi
1072 1643 1134 1707 pro
1153 1620 1219 1686 hao
1237 1621 1460 1708 expeditione

305 1729 495 1814 promittit?
528 1729 682 1812 ingentia
710 1736 744 1794 et
772 1753 881 1816 aequa
903 1729 1042 1796 diuinis:
1076 1729 1162 1795 nihil
1184 1731 1326 1816 cogeris,
1361 1729 1459 1796 nullo

304 1836 485 1924 indigebis,
506 1837 593 1904 liber
616 1839 691 1922 eris,
714 1845 817 1924 tutus,
840 1839 1024 1922 indemnis;
1054 1838 1139 1904 nihil
1160 1838 1287 1905 frustra
1309 1845 1458 1926 tempta-

305 1946 367 2030 bis,
401 1945 486 2012 nihil
507 1945 771 2036 'prohibeberis3
806 1948 919 2014 omnia
951 1947 1016 2012 tibi
1050 1970 1091 2012 ex
1121 1949 1291 2014 sententia
1321 1949 1456 2031 cedent„

305 2053 391 2119 nihil
419 2055 598 2120 aduersum
627 2055 769 2138 accidet,
800 2053 885 2120 nihil
912 2061 1032 2120 eontra
1054 2056 1249 2141 opinionem
1273 2079 1312 2122 ao
1334 2057 1492 2127 uolua-1⁶

271 2170 421 2240 3tatom.
479 2163 590 2248 „Quid
620 2165 724 2250 ergo?
757 2163 865 2230 uirtus
888 2163 932 2228 ad
952 2163 1054 2229 beate
1076 2164 1261 2230 uiuendum
1282 2163 1452 2230 sufficit?“

304 2270 464 2336 Perfecta
490 2271 550 2338 illa
578 2278 612 2337 et
640 2272 756 2338 diuina
785 2271 902 2358 quidni
929 2271 1086 2356 sufficiat,
1118 2273 1221 2338 immo
1245 2273 1454 2360 superfluat?

306 2380 388 2465 quid
411 2380 500 2446 enim
522 2381 642 2446 deesse
665 2387 780 2467 potest
803 2387 898 2447 extra
921 2381 1128 2448 desiderium
1150 2383 1299 2448 omnium
1317 2384 1453 2468 posito?

306 2489 386 2573 quid
411 2489 619 2555 extrinsecus
643 2513 728 2577 opus
751 2497 803 2556 est
825 2491 866 2574 ei,
890 2491 948 2576 qui
971 2491 1085 2557 omnia
1107 2514 1168 2556 sus
1184 2491 1221 2556 in
1238 2515 1274 2557 se
1293 2491 1452 2578 collegit?

305 2596 375 2662 Sed
397 2597 438 2678 ei,
462 2598 520 2682 qui
542 2598 586 2663 ad
608 2598 771 2663 uirtutem
793 2599 912 2682 tendit,
937 2601 1039 2664 etiam
1062 2599 1091 2664 si
1113 2599 1255 2664 multum
1277 2601 1452 2686 prooessit,
1466 2635 1488 2671 a

305 2728 390 2792 opus
419 2712 472 2770 est
500 2705 614 2792 aliqua
641 2705 799 2772 fortunae
827 2707 1040 2794 indulgentia
1063 2707 1175 2773 adhue
1197 2709 1287 2773 inter
1308 2707 1454 2774 humana

241 2811 245 2818 ’
303 2813 462 2898 luctanti,
508 2815 588 2880 dum
625 2816 753 2882 nodum
790 2816 886 2882 illum
921 2815 1049 2881 exoluit
1082 2823 1118 2882 et
1151 2839 1250 2881 omne
1283 2817 1453 2881 uinculum

302 2922 454 2989 mortale.
501 2924 590 3001 Quid
614 2947 695 3010 ergo
717 2924 885 2991 interest?
915 2923 1006 3011 quod
1028 2930 1100 2990 arte
1127 2924 1259 3010 alligati
1281 2929 1361 2990 sunt
1389 2923 1452 3006 alii,

305 3031 466 3118 adstricti,
491 3032 571 3118 [alii]
596 3032 743 3098 districti
765 3057 914 3120 quoque:
936 3033 1003 3118 hio,
1027 3015 1092 3118 ¹qui
1115 3031 1159 3097 ad
1181 3033 1356 3119 superiora
1378 3055 1451 3119 pro-

304 3163 440 3225 gressus
464 3147 516 3206 est
539 3148 575 3206 et
597 3166 634 3207 se
656 3142 756 3208 altius
780 3143 910 3227 extulit,
932 3142 1045 3208 laxam
1067 3149 1224 3207 aetenam
1246 3139 1352 3207 trahit
1369 3164 1449 3206 non·
1463 3177 1485 3213 a

304 3246 386 3312 dum
407 3248 502 3332 liber,
524 3249 592 3315 iam
614 3257 729 3317 tamen
750 3273 813 3338 pro
835 3251 954 3317 libero.

273 3386 288 3439 1
390 3355 506 3422 XVH.
552 3357 589 3423 si
611 3359 686 3444 quis
707 3360 824 3445 itaque
847 3359 995 3442 existis,
1023 3359 1081 3444 qui
1102 3357 1352 3445 philosophiam
1375 3381 1450 3424 oon·

304 3463 440 3548 latrant,
475 3465 566 3551 quod
596 3467 708 3532 solent
741 3466 877 3534 dixerit:
925 3467 1057 3552 „Quare
1087 3489 1168 3552 ergo
1197 3474 1235 3532 tu
1262 3465 1390 3552 fortius,
1405 3467 1450 3532 lo·

306 3574 418 3657 queris
447 3597 548 3660 quam
570 3576 682 3641 uiuis?
715 3598 820 3660 quare
843 3583 878 3641 et
900 3577 1063 3662 superiori
1087 3574 1194 3641 uerba
1216 3575 1397 3640 summittis
1420 3583 1451 3638 et

305 3681 485 3768 peouniam
531 3683 760 3748 necessarium
802 3685 867 3749 tibi
906 3685 1168 3750 instrumentum
1209 3684 1381 3750 existimas
1420 3691 1484 3758 et„

306 3807 534 3814 a-u—-m—

308 3856 322 3908 1
345 3853 506 3910 debilitates
524 3855 559 3912 Α1
665 3856 682 3908 3
700 3855 877 3926 suscipiatur
896 3857 1005 3923 Haase3
1029 3874 1085 3911 usu
1103 3855 1283 3926 eripiaturd
1385 3859 1402 3910 4
1418 3853 1452 3910 ad

306 3941 483 3994 metuendum
497 3947 581 4008 purat
600 3941 759 3996 Grooouiua
777 3943 807 3996 d.
826 3958 867 4009 ep.
885 3943 927 4008 95,
943 3943 986 3996 35.
1099 3941 1253 3996 Sacramtu
1270 3941 1373 4014 militie
1391 3939 1451 4011 gen'

306 4027 337 4080 iu
352 4041 405 4093 my.
424 4027 513 4080 odser.
531 4025 609 4092 A⁸(?)
678 4045 778 4082 sumus
795 4045 852 4096 apr
871 4045 1000 4082 summus
1019 4027 1040 4083 Α
1108 4027 1308 4097 optabatis,
1327 4043 1395 4083 oorr.
1411 4045 1450 4095 oy.

399 4111 418 4164 8
435 4110 537 4179 n'equit
553 4111 600 4180 b,
619 4127 688 4166 corr.
708 4113 744 4169 A'
849 4114 866 4166 9
884 4113 1071 4182 contingatur
1088 4111 1189 4180 scripsi
1206 4115 1267 4168 coll.
1287 4115 1364 4181 epist.
1380 4114 1452 4174 71.5

308 4203 333 4250 et
350 4197 399 4263 335
417 4198 459 4264 66,
476 4199 507 4265 ἃς
526 4197 677 4267 continget
695 4199 716 4255 Α
812 4200 844 4252 10
863 4204 893 4254 et
910 4199 1021 4253 addidit
1038 4198 1164 4267 Mortuis.
1261 4198 1295 4252 13
1312 4198 1384 4255 liber
1401 4197 1451 4252 eris

308 4288 381 4335 tuem
399 4280 450 4350 A⁵;
468 4282 571 4356 libepis
582 4325 655 4338 .....
676 4291 706 4338 ut
722 4284 780 4338 uid.
799 4284 835 4340 Αι
891 4285 923 4338 16
941 4284 1063 4354 beatas
1114 4283 1149 4339 23
1166 4284 1244 4355 quod
1262 4291 1326 4339 arte
1344 4283 1452 4352 rumpam

308 4365 384 4436 quod
403 4368 507 4425 amah
575 4368 627 4424 alii
645 4368 680 4427 l³
702 4371 801 4436 (altero
819 4369 830 4423 i
847 4372 875 4424 iu
895 4371 956 4437 ipso
974 4385 1055 4424 mrsu
1073 4371 1182 4437 addita·
1205 4373 1269 4426 item
1286 4388 1312 4425 u
1331 4369 1388 4436 24).

308 4452 385 4523 quod
402 4459 466 4509 arte
484 4455 531 4508 all.
551 4461 620 4510 sunt
637 4455 695 4524 alii,
715 4455 858 4520 adstricti,
876 4451 946 4526 [alii]
965 4453 1093 4510 districti
1109 4455 1221 4523 sertam
1244 4456 1323 4525 quod
1340 4454 1392 4512 alii
1407 4455 1452 4510 all.
1568 4521 1569 4534 χ

308 4543 384 4605 sunt,
404 4538 454 4593 alii
472 4540 615 4608 adstricti,
633 4539 684 4595 alii
702 4540 729 4594 d.
747 4558 798 4609 uo,
817 4542 864 4596 sed
881 4543 922 4596 itu
937 4559 973 4595 ex
989 4539 1095 4596 ceteris
1105 4547 1171 4608 post
1183 4541 1262 4610 quod
1276 4543 1453 4598 desiderum.

375 4624 554 4680 miseriori
573 4642 628 4694 ¹⁴9&
647 4625 781 4681 destricti
799 4626 820 4682 Α
906 4643 980 4697 quoq
988 4642 1016 4696 ‚aa
1041 4627 1123 4694 (eros.
1142 4625 1191 4692 ue)
1209 4626 1245 4683 A·
1329 4627 1364 4682 29
1381 4625 1453 4682 uiuis

309 4725 364 4778 1⁴94
382 4707 504 4763 uiuesA

1336 4917 1341 4952 1
