3176 5248
204 327 207 335 '
302 301 420 382 216'
524 339 853 382 1..ss1enn1s1enacen
875 309 1236 382 antonomasiam.

302 513 426 594 potest,
460 529 561 592 quem
595 505 623 570 si
654 505 801 591 primum
834 527 916 571 sana
949 527 1044 570 mens
1079 511 1132 570 est
1160 511 1195 569 et
1222 503 1258 568 in
1287 508 1446 589 perpetua

302 617 516 706 possessione
555 615 710 682 sanitatis
744 637 841 699 suae,
887 614 1011 680 deinde
1043 613 1142 680 fortis
1176 635 1217 680 ae
1249 610 1444 696 uehemens,

301 733 382 792 tune
415 724 637 812 pulcherrime
669 725 813 810 patiens,
848 729 927 810 apta
959 723 1180 810 temporibus,
1214 722 1366 808 eoiporis
1398 721 1445 786 sui

299 834 611 922 peitinentiumque
645 831 689 898 ad
721 833 757 897 id
790 833 924 898 eun'osa
956 856 1025 899 non
1059 833 1168 917 anxie,
1213 839 1287 898 tum
1319 833 1445 897 illarum

299 965 410 1009 rerum
451 965 539 1029 quae
577 941 684 1007 uitam
723 941 895 1008 instmunt
934 941 1079 1028 diligens
1120 941 1193 1008 sine
1228 941 1465 1008 admiuetionee

265 1059 282 1111 4
301 1053 507 1138 utnusquam,
541 1073 643 1117 usura
664 1048 823 1118 fortunae
846 1051 1052 1135 muneribus,
1081 1073 1150 1117 non
1173 1051 1351 1116 serantura.
1394 1047 1443 1114 In-

299 1161 445 1247 tellegie,
469 1161 571 1226 etiam
593 1159 621 1226 si
643 1183 713 1226 non
736 1159 891 1245 adiciam,
920 1161 1017 1246 sequi
1038 1166 1240 1247 perpetuam
1263 1157 1444 1245 tranquilli-

167 1275 215 1331 fol.
231 1277 286 1330 50¹·
300 1275 416 1354 tetam,
449 1267 646 1335 libertatem
668 1269 818 1356 depulsis
840 1269 892 1354 iis,
924 1292 1009 1356 quae
1033 1274 1093 1336 aut
1113 1268 1256 1334 inritant
1277 1267 1285 1352 l
1308 1290 1371 1334 nos
1392 1275 1446 1332 eut

301 1378 474 1462 territant,
508 1401 587 1444 nam
609 1377 844 1464 uoluptatibus
876 1379 1018 1461 (spretis)
1041 1400 1103 1464 pro
1126 1377 1201 1463 illis,
1236 1399 1325 1463 quee
1347 1399 1447 1463 perne

302 1509 341 1552 ao
368 1485 505 1572 fragilia
533 1495 612 1552 sunt
635 1493 670 1552 et
691 1491 712 1568 t
735 1487 818 1574 ipsis
840 1487 978 1574 flagitiis
1000 1487 1111 1572 noxia,
1145 1471 1267 1572 ing'ens
1290 1485 1449 1572 gaudium
1462 1513 1484 1548 a

302 1595 403 1680 subit,
426 1595 665 1661 inconcussum
688 1603 723 1660 et
746 1595 896 1682 aequale,
919 1603 992 1661 tum
1014 1617 1080 1682 pax
1098 1601 1133 1661 et
1151 1594 1334 1661 eoncordia
1352 1595 1449 1660 enimi

303 1711 338 1770 et
370 1703 568 1792 magnitudo
593 1727 670 1770 eum
691 1704 968 1790 mansuetudine,
1003 1705 1112 1771 omnis
1135 1705 1226 1771 enim
1249 1727 1291 1770 ex
1312 1703 1449 1770 infimi·

303 1821 374 1880 tate
397 1812 515 1880 feritas
538 1820 599 1880 est.
1332 1826 1335 1832 '
1561 1804 1562 1878 l

271 1931 286 1984 1
389 1923 448 1988 IV.
493 1923 614 1988 Potest
637 1922 734 1988 aliter
757 1945 891 2009 quoque
915 1922 1048 1988 definiri
1069 1921 1197 1989 bonum
1219 1929 1385 2007 nostrum,
1417 1923 1451 1987 id
1562 1904 1563 1966 l

306 2039 359 2097 est
382 2031 501 2097 eadem
524 2032 695 2098 sententia
717 2055 786 2098 non
809 2032 918 2098 isdem
940 2031 1128 2118 conprendi
1150 2032 1274 2098 uerbis
1331 2033 1450 2110 Quem·
1465 2055 1485 2092 a

306 2140 489 2206 admodum
516 2141 606 2205 idem
636 2143 803 2208 exereitus
830 2140 932 2207 modo
961 2141 1064 2206 letius
1091 2140 1252 2227 panditur
1284 2142 1388 2208 modo
1421 2143 1452 2207 in
1565 2205 1566 2230 ,

307 2255 490 2336 angustum
519 2257 692 2316 coartatur
719 2257 754 2315 et
777 2251 893 2344 autin
916 2271 1044 2315 eomua
1066 2249 1200 2315 sinuata
1221 2249 1337 2316 media
1358 2259 1451 2336 parte
1566 2306 1567 2324 ,

309 2363 469 2424 emuntur
502 2365 561 2424 eut
592 2365 687 2425 reeta
718 2358 832 2425 fronte
867 2359 1062 2446 explicatur,
1096 2358 1147 2423 uis
1179 2358 1240 2442 illi,
1273 2365 1453 2444 utcumque

310 2466 485 2533 ordinatus
514 2475 576 2553 est,
610 2468 731 2534 eadem
754 2477 807 2534 est
828 2475 864 2535 et
885 2468 1044 2534 uoluntas
1066 2489 1128 2554 pro
1152 2466 1281 2532 eisdem
1302 2469 1453 2554 partibus

251 2567 254 2576 ¹
309 2575 436 2643 standi:
470 2577 519 2643 ita
551 2576 660 2642 finitio
684 2578 805 2644 summi
826 2577 909 2643 boni
931 2577 1015 2644 alias
1038 2575 1182 2642 diffundi
1203 2581 1321 2662 potest
1343 2583 1378 2642 et
1401 2601 1453 2643 ex·
1465 2601 1486 2637 a

273 2685 445 2772 2po1'rigi,
481 2685 562 2752 alias
591 2686 706 2772 colligi
735 2693 770 2751 et
796 2687 833 2752 in
860 2709 897 2752 se
921 2686 1007 2772 eogi.
1058 2685 1160 2750 -Idem
1181 2685 1298 2770 itaque
1321 2685 1395 2770 erit,
1427 2687 1455 2750 si

307 2794 440 2861 dixero:
476 2793 654 2860 ‘summum
686 2795 815 2861 bonum
849 2801 902 2860 est
931 2795 1061 2860 enimus
1089 2793 1231 2862 fortuita
1253 2792 1453 2880 despiciens,

307 3013 324 3066 3
350 3017 420 3068 tuno
444 3010 640 3082 pulcherrime
664 3011 779 3082 patiens
803 3011 885 3080 Beck,
913 3011 1008 3068 Pleilol.
1032 3011 1251 3078 Wochenecleist
1274 3013 1341 3067 1881
1360 3029 1390 3080 p.
1407 3013 1456 3068 357

307 3099 390 3166 (tuno
408 3099 542 3152 interdum
561 3099 664 3153 Seneca
681 3099 838 3154 adhibuisse
855 3099 972 3164 uidetur,
995 3115 1051 3153 non
1067 3105 1100 3154 ut
1116 3115 1217 3153 mum
1234 3099 1381 3152 mantuam
1398 3115 1456 3152 ora·

308 3185 391 3240 tonis
417 3185 566 3251 induceret,
594 3185 641 3238 sed
667 3192 774 3253 partem
800 3187 858 3238 aue
879 3184 1003 3250 mantii,
1032 3185 1104 3252 quod
1124 3201 1143 3238 a
1166 3182 1270 3238 deinde
1294 3185 1403 3253 incipit,
1429 3190 1457 3238 ut

307 3271 352 3324 uec
375 3273 512 3338 patientia
535 3286 607 3338 pare
633 3271 810 3336 fortitudinis
833 3279 885 3338 σεις
913 3271 962 3337 clr.
986 3286 1058 3324 eone.
1082 3269 1126 3324 ad.
1150 3269 1230 3323 Helo.
1253 3271 1300 3336 20,
1318 3270 1362 3336 2);
1389 3277 1457 3325 tune

308 3354 505 3425 pulcherrime
522 3355 547 3410 d
566 3355 680 3424 patiens
699 3354 733 3420 l;
761 3361 868 3411 eunctu
885 3355 1080 3426 pulcherrime
1098 3355 1213 3425 petiens
1233 3355 1358 3424 Maeuia.

308 3442 325 3494 4
342 3440 460 3495 illarum
477 3441 536 3495 edd.
555 3442 671 3509 antiqq.;
689 3441 812 3496 aliarum
831 3439 852 3496 l
921 3445 938 3496 6
956 3440 1096 3511 intelligis
1115 3440 1167 3508 ΑΗ
1185 3441 1280 3496 malim
1299 3441 1456 3512 intelleges

389 3525 618 3596 Bdepulsi„siis
637 3543 692 3595 que
711 3525 791 3582 ΑΜ
878 3527 895 3580 9
912 3545 980 3582 nam
997 3528 1055 3582 nol.
1074 3526 1206 3598 (spretis)
1225 3545 1277 3598 pro
1295 3528 1364 3594 illis,
1386 3547 1456 3599 quae

309 3611 409 3681 scripsi
432 3613 600 3680 dubitantem
627 3631 694 3668 nam
716 3612 917 3682 uoluptatibus
940 3613 967 3668 de
988 3629 1040 3682 pro
1064 3612 1123 3666 illis
1147 3630 1203 3682 que
1227 3613 1261 3680 Ας
1288 3632 1356 3668 nem
1384 3615 1457 3684 (pro)

310 3698 511 3768 uoluptatibus
536 3703 566 3753 et
589 3715 642 3768 pro
665 3697 731 3764 illis,
759 3717 833 3768 quae
851 3717 895 3768 up.
914 3701 977 3753 inde
995 3699 1029 3754 ab
1049 3699 1176 3766 Eranam,
1204 3699 1275 3768 quod
1291 3715 1349 3754 nen
1365 3717 1458 3755 umam

1153 3785 1161 3823 ι

309 3835 735 3893 eeeeoenndisad.m't.1.t
840 3838 873 3890 10
899 3837 924 3892 ἃ
946 3839 950 3902 Ι
971 3836 1043 3906 ipsis
1062 3836 1172 3906 flagitis
1199 3837 1279 3903 (corr.
1297 3837 1363 3903 fort
1380 3855 1414 3892 aa
1433 3837 1458 3904 1)

310 3923 398 3978 noxie
415 3923 445 3990 A,
472 3939 540 3992 quae
564 3923 704 3991 scriptura
728 3923 837 3978 minime
860 3939 891 3976 eo
914 3925 1010 3978 melior
1031 3923 1071 3988 fit,
1098 3925 1171 3991 qued
1191 3941 1234 3992 up.
1254 3922 1284 3976 in
1308 3929 1373 3978 ante
1390 3923 1458 3993 ipsis

309 4011 430 4076 Μυκη
447 4025 514 4064 nem
531 4009 579 4064 hoc
594 4025 744 4076 pronomen
762 4025 844 4064 eeaeu
861 4025 972 4064 censum
990 4015 1036 4067 eet,
1056 4025 1211 4063 aesomnes
1229 4009 1385 4076 uoluptates
1403 4025 1459 4064 nem

309 4095 427 4164 flagitiis
449 4095 609 4151 coniunctae
631 4102 682 4151 ant
703 4097 739 4150 ite
762 4097 862 4150 aoniae
886 4109 944 4150 esee
966 4094 1154 4162 deceptuose
1179 4094 1241 4161 (cfr.
1259 4095 1338 4162 epist.
1356 4095 1401 4162 27,
1418 4095 1459 4162 2);

311 4189 341 4236 et
359 4180 537 4252 turpissimis
554 4181 621 4250 fleg.
641 4179 767 4236 obnoxie
785 4181 854 4236 coni.
872 4181 950 4236 Koch
966 4183 1041 4235 mire.
1084 4179 1117 4235 Se·
1133 4197 1210 4235 mor
1227 4181 1329 4248 aliquis
1345 4183 1460 4249 pronior

310 4269 376 4322 latet
397 4284 445 4322 nec
466 4269 547 4322 uerte
570 4284 657 4337 saepe
679 4283 731 4335 pro
755 4266 826 4336 ipsis
850 4270 967 4334 reposito
990 4267 1106 4336 desunpi
1124 4281 1281 4334 possumus,
1306 4271 1402 4335 petiae
1423 4267 1460 4322 eie

311 4353 479 4408 enitendum
498 4369 555 4410 esee
572 4356 742 4422 putauerim:
767 4360 797 4408 et
814 4353 878 4422 ipse
896 4354 942 4408 sui
960 4353 1079 4408 lastidio
1098 4351 1231 4418 obnoxia,
1256 4355 1307 4418 cfr.
1326 4353 1359 4407 de
1376 4353 1460 4418 benef.

320 4439 380 4505 Vll,
407 4444 434 4506 2,
458 4445 491 4508 23
519 4447 545 4494 et
565 4441 615 4496 hoe
639 4457 671 4495 ea
695 4457 723 4494 re
747 4439 955 4504 comedatur,
983 4441 1054 4507 quod
1077 4443 1103 4494 ei
1125 4443 1154 4494 in
1171 4455 1242 4507 seqq.
1261 4439 1383 4506 aequale
1401 4444 1461 4506 apte

311 4529 461 4595 respondet.
516 4529 547 4582 11
566 4528 731 4598 equaletum
742 4524 787 4588 ΑΙ,
807 4525 999 4596 equale.„tu1n
1008 4526 1044 4583 11δ
1101 4526 1132 4580 14
1150 4540 1254 4594 quoqa·
1271 4523 1412 4589 (natine)
1424 4521 1459 4578 l’

415 4615 447 4668 15
464 4613 566 4669 iisdem
585 4629 629 4680 up.
647 4614 694 4677 (ee
710 4627 793 4666 nona.
812 4608 859 4678 ll);
885 4609 1001 4669 idaml
1106 4613 1138 4666 19
1156 4610 1228 4666 ende
1246 4608 1267 4665 l
1285 4610 1353 4675 (aon
1372 4607 1461 4674 eade),

308 4707 372 4768 poet
390 4701 460 4766 qaod
478 4700 508 4754 in
524 4701 579 4764 fine
596 4715 694 4753 nereus
708 4713 802 4765 panea
819 4712 923 4752 rasura
939 4705 994 4764 ειη
1012 4697 1061 4752 sed
1077 4699 1119 4752 ael
1134 4697 1191 4751 nisi
1204 4701 1337 4765 punctim
1353 4709 1462 4750 erasm

312 4787 430 4841 audetur.
