3176 5248
349 398 593 440 encaemorum
615 400 748 442 savrra
772 400 882 458 suere,
911 401 1018 440 x--xr.
1195 379 1259 442 225

132 567 160 626 et
188 561 347 648 periculo,
382 562 526 648 egestati
561 569 595 626 et
622 569 676 628 tot
702 561 883 629 humanam
911 564 1016 628 uitam
1046 553 1266 629 circumstre-'

128 669 268 755 pentibus
296 671 421 736 minis?
448 665 648 757 tquomddo
677 677 896 757 conspectum
923 671 1052 756 mortis,
1086 672 1255 755 quomodo
1273 691 1323 748 fol.
1341 694 1400 750 522.

129 777 238 844 doloris
264 776 363 864 feret,
398 779 567 864 quomodo
595 779 713 844 mundi
740 777 893 866 fragores
924 786 958 844 et
979 785 1112 844 tantum
1135 780 1257 844 acerri-

126 909 241 952 morum
263 885 422 972 hostium,
446 911 466 953 a
490 895 553 954 tum
575 887 670 952 molli
692 887 885 953 aduersario
909 887 1044 954 uictus?
1089 887 1294 974 Quicquidn

102 995 269 1082 suoluptas
303 995 462 1082 suaserit,
480 994 613 1062 ¹faciet:
659 1018 737 1083 ege,
771 1018 841 1061 non
873 995 986 1076 uides,
1020 1019 1121 1082 quam
1154 997 1268 1088 multa

127 1125 253 1170 suasura
274 1106 341 1172 sit?
388 1104 518 1190 „Nihir
540 1105 652 1190 inquit
676 1105 821 1191 „poterit
843 1105 988 1190 turpiter
1006 1105 1158 1190 suadere,
1181 1106 1260 1190 quia

126 1211 273 1278 adiuncta
300 1213 421 1278 uirtuti
450 1213 532 1280 est.“
587 1214 665 1280 Non
692 1215 789 1279 uides
816 1213 949 1297 iterum,
982 1214 1081 1298 quate
1104 1213 1150 1278 sit
1171 1235 1259 1278 sum-

125 1342 206 1384 mum
226 1320 364 1406 bonum,
398 1323 453 1387 cui
476 1323 617 1388 custode
642 1344 726 1408 opus
750 1329 810 1406 est,
843 1328 882 1386 ut
902 1321 1032 1386 bonum
1053 1321 1120 1386 sit?
1153 1321 1261 1386 uirtus

125 1435 228 1493 autern
261 1429 432 1515 quomodo
464 1431 676 1517 uoluptatem
708 1437 815 1516 reget,
853 1452 954 1515 quam
987 1429 1150 1514 sequitur,
1185 1452 1262 1494 cum

92 1573 113 1608 lu
126 1539 212 1622 sequi
233 1539 384 1624 parentis
407 1539 460 1624 sit,
482 1561 601 1625 regere
624 1539 845 1626 imperantis?
875 1546 1014 1624 atergo
1038 1538 1147 1624 ponis,
1172 1537 1263 1622 quod

125 1645 281 1732 imperet?
325 1647 513 1734 Egregium
535 1653 647 1713 autem
663 1647 770 1712 habet
787 1647 895 1712 uirtus
914 1648 1005 1733 apud
1021 1668 1083 1712 uos
1102 1645 1262 1731 officium,

124 1753 310 1841 uoluptates
343 1759 579 1842 praegustare!
636 1755 705 1820 Sed
733 1755 934 1839 uidebimus,
968 1778 1021 1840 an,
1056 1755 1147 1841 apud
1177 1774 1298 1839 quoss

124 1869 188 1926 tam
220 1864 463 1930 contumeliose
496 1870 644 1930 mactata
676 1864 783 1929 uirtus
817 1871 878 1946 est,
925 1862 1035 1928 adhuc
1067 1863 1176 1928 uirtus
1210 1862 1263 1946 sit,

124 1991 205 2054 ques
241 1970 368 2037 habere
407 1995 533 2039 nomen
566 1995 664 2038 suum
696 1994 767 2036 non
800 1977 929 2058 potest,
975 1971 1005 2036 si
1035 1970 1111 2036 loco
1147 1971 1263 2054 cessit;

91 2117 112 2152 1⁵
123 2077 262 2164 interim,
295 2079 339 2145 de
362 2103 428 2167 quo
453 2081 574 2169 egitur,
597 2081 722 2146 multos
746 2079 924 2145 ostendam
946 2079 1180 2166 uoluptatibus
1204 2078 1264 2144 ob·
1290 2095 1293 2102 ’

124 2207 238 2275 sessos,
271 2189 307 2254 in
336 2213 421 2276 quos
449 2187 587 2256 fortuna
616 2190 728 2255 omnia
757 2209 898 2253 munera
926 2211 987 2254 sua
1016 2188 1145 2274 effudit,
1179 2208 1265 2273 quos

123 2293 255 2362 fatearis
284 2321 425 2364 necesse
455 2303 507 2364 est
529 2297 645 2364 malos.
701 2297 828 2384 Aspice
849 2296 1102 2362 Nomentanum
1125 2303 1160 2362 et
1180 2296 1264 2382 Api·
1282 2324 1300 2377 4

123 2405 209 2469 cium
230 2413 395 2472 terrarum
417 2430 457 2472 ao
479 2409 590 2493 maris,
613 2413 652 2472 ut
673 2407 731 2472 isti
752 2413 887 2487 uocant,
910 2405 1002 2471 bona
1020 2405 1265 2490 concoquentis

124 2519 156 2575 et
182 2535 281 2601 super
314 2537 467 2581 mensam
489 2515 768 2602 recognoscentis
791 2514 941 2580 omnium
962 2515 1116 2600 gentium
1139 2509 1264 2580 anima-

90 2617 178 2705 „liu
211 2623 290 2689 uide
316 2622 380 2689 hos
410 2624 548 2690 eosdem
575 2627 612 2690 in
640 2629 795 2708 suppestu
822 2644 920 2688 rosae
950 2622 1182 2709 despectantis
1204 2645 1264 2708 po·

122 2729 232 2813 pinam
253 2753 359 2820 suam,
383 2754 481 2798 aures
503 2755 627 2799 uocum
649 2754 742 2818 sono,
765 2731 968 2818 spectacuiis
985 2731 1112 2816 oculos,
1136 2731 1264 2817 sapori·

122 2836 183 2904 bus
232 2839 382 2926 palatum
432 2863 531 2906 suum
576 2841 799 2924 delectantis;
861 2839 1019 2906 mollibus
1062 2839 1264 2924 lenibusque

122 2943 276 3013 fomentis
316 2955 427 3016 toturn
464 2949 644 3014 lacessitur
684 2971 799 3014 eorum
839 2970 961 3035 corpus
994 2955 1044 3032 et,
1088 2969 1132 3013 ne
1164 2969 1264 3013 nares

121 3052 251 3121 interim
272 3065 417 3142 cessent,
441 3057 602 3124 odoribus
624 3057 726 3123 uariis
748 3057 898 3122 inficitur
919 3057 1013 3122 locus
1036 3057 1119 3141 ipse,
1141 3056 1178 3120 in
1196 3077 1263 3139 quo

121 3381 258 3440 adoletis
275 3383 312 3452 Α;
330 3384 445 3441 dolores
461 3401 544 3440 noun.
564 3382 585 3442 D
603 3393 630 3441 et
648 3383 687 3441 ed.
707 3385 770 3456 etp.
786 3389 813 3455 2,
831 3385 902 3455 quod
918 3401 1006 3456 nemer
1023 3386 1107 3442 etium
1124 3379 1266 3440 Klummcr

121 3471 321 3538 commutet,
337 3471 404 3536 sort.
422 3477 498 3525 recte.
600 3472 618 3525 4
634 3489 653 3525 a
671 3478 730 3526 tum
747 3471 828 3527 molli
846 3472 984 3540 Murcum
1002 3490 1041 3527 an
1058 3471 1139 3526 molli
1157 3474 1179 3528 Α

122 3553 283 3612 aduersario
300 3555 336 3612 A‘
356 3554 421 3624 (A¹:
439 3555 611 3628 aduersepo)
701 3559 718 3611 5
736 3559 931 3626 sueff„s„erit
949 3557 1039 3626 A¹(?);
1066 3575 1133 3612 suas
1152 3556 1209 3611 erit
1225 3554 1260 3612 Αι

477 3645 487 3681 t

219 3691 304 3749 faciet
320 3693 373 3762 A&
399 3693 489 3763 facies
510 3692 587 3749 Αῑ-1
700 3695 718 3748 8
744 3694 864 3750 custode
887 3711 945 3764 upa
972 3694 1122 3749 custodem
1140 3691 1161 3748 Α

125 3777 152 3830 10
176 3795 195 3832 e
211 3786 295 3848 tergo
312 3797 369 3849 up.;
396 3786 523 3849 aster-go
542 3778 621 3835 ΑΗ
728 3780 759 3833 11
777 3787 803 3834 ct
821 3781 854 3834 12
871 3785 943 3849 aput
960 3779 1006 3844 11,
1034 3795 1102 3833 con.
1122 3777 1158 3834 A*

122 3864 327 3935 pregimtareA
431 3865 464 3918 13
482 3863 690 3935 contumeliose
708 3865 790 3919 initio
807 3865 940 3921 uacuus
1037 3865 1070 3918 15
1087 3863 1209 3918 interim.
1227 3863 1263 3917 de

123 3963 173 4016 que
191 3949 227 4006 A⁵
283 3951 315 4004 17
332 3959 532 4006 nomentanum
549 3950 585 4007 11θ
639 3950 666 4005 ἀ
683 3950 798 4019 apicum
817 3949 851 4006 Αἰ
874 3951 913 4018 (in
932 3967 982 4018 mp.
1000 3948 1052 4005 Αἰ
1071 3949 1106 4004 de
1125 3953 1262 4004 norirtano

123 4031 144 4086 ἃ
169 4035 273 4105 apice),
300 4051 369 4091 corr.
388 4053 433 4106 up.
539 4035 572 4090 18
598 4036 805 4106 concoquentis
824 4035 858 4102 e;
886 4035 1090 4104 conquirentes
1116 4051 1159 4102 ap.

122 4117 153 4170 20
176 4121 293 4176 eosdem
310 4121 341 4176 in
359 4127 500 4191 suggestu
517 4139 601 4177 rosae
619 4121 817 4192 despectantis
841 4121 944 4189 scripsi
962 4121 1130 4176 Grmouium
1148 4127 1262 4184 sauctus,

122 4208 164 4270 qui
179 4207 344 4263 coniecerat:
361 4207 477 4263 eosdem
493 4224 510 4262 s
525 4226 546 4261 s.
557 4225 579 4261 r.
589 4213 793 4284 exspectantes
811 4205 936 4274 (Fickert
948 4206 1058 4260 melius:
1076 4203 1262 4273 spectantis);

123 4305 153 4342 ετ
172 4291 205 4348 Α·
227 4292 367 4361 sciptura
391 4293 443 4348 hue
468 4294 576 4348 litterae
601 4300 690 4347 certae
715 4300 792 4348 eunt:
819 4311 869 4347 eos
896 4291 1013 4346 demens
1040 4307 1261 4344 uccessurcs...

124 4376 294 4448 spectantjs;
321 4395 354 4434 cu
377 4379 465 4433 tuuc
482 4378 588 4444 litteris,
615 4393 730 4446 prorum
748 4380 821 4433 locos
836 4379 947 4446 pandis
964 4377 1067 4438 acturi,
1093 4375 1185 4442 primu
1203 4375 1262 4428 eine

124 4457 198 4518 duce
216 4483 231 4534 a
249 4465 313 4532 fuit,
337 4479 396 4518 cum
415 4465 497 4518 etium
513 4479 587 4517 nunc
602 4465 713 4532 uirprdc
731 4464 874 4532 suppodia
891 4467 1033 4530 appareat,
1052 4461 1125 4514 duce
1142 4461 1263 4527 reliquae

124 4553 186 4600 certe
207 4565 263 4604 non
286 4567 322 4604 ex
343 4550 464 4616 [mut
490 4549 539 4602 sed
556 4555 604 4603 aut
623 4547 657 4602 In
675 4549 831 4615 autpertus
849 4548 899 4616 de3
925 4563 997 4602 nunc
1015 4549 1152 4613 scriptura
1171 4545 1205 4599 ab
1223 4543 1259 4600 Μ

124 4642 241 4690 conecto
257 4635 324 4690 hacc
340 4642 393 4690 eet:
411 4634 570 4702 eoadem*
591 4635 606 4688 7
620 4629 1011 4702 successurosffcrpectantjs.
1062 4633 1096 4685 21
1113 4637 1261 4698 *nemum

124 4712 237 4786 Merca
254 4726 318 4775 ante
334 4737 354 4774 u
370 4721 435 4787 fort.
454 4727 474 4788 t,
492 4737 546 4776 non
564 4719 599 4786 s).
701 4721 736 4774 22
753 4716 973 4776 delectantesA
