3286 5244
272 381 317 440 IV

273 575 461 628 morarentur
493 567 598 644 digna;
640 565 694 626 sed
727 587 765 624 ne
798 566 968 626 attulissem
1001 566 1131 642 quidem,
1170 566 1229 626 nisi
1263 587 1298 626 eo
1331 568 1417 640 ratio,

273 690 361 746 quam
378 670 517 730 Koohius
538 664 793 744 (autVehlenius)
815 669 845 728 in
869 669 982 730 codicis
1005 668 1418 756 scripturisoommemorsn-

273 773 320 834 dis
354 779 478 834 secutus
512 781 591 848 erat,
630 772 845 832 necessitatem
878 772 964 832 mihi·
983 772 1178 850 imposuisset
1210 771 1284 832 haec
1318 793 1421 833 eorum

273 896 366 937 cause
388 875 544 951 afferendi,
574 875 754 952 quicumque
776 895 873 936 meum
896 875 1057 935 editionem
1080 883 1111 934 et
1131 875 1321 935 Koohianam
1342 875 1422 936 iuter

273 1001 306 1039 se
335 999 509 1059 comparare
531 979 689 1039 noluerint.
747 977 889 1038 Ceterum
910 979 1058 1055 quaedam
1080 978 1281 1038 minutissima
1302 997 1420 1054 quoque

274 1083 423 1142 interdum
452 1080 562 1142 afferre
590 1081 657 1141 ideo
686 1082 947 1161 operaepretium
971 1101 1039 1142 esse
1061 1082 1160 1142 uisum
1182 1087 1239 1156 est,
1272 1089 1307 1140 nt
1328 1101 1420 1160 eppa-

272 1193 367 1261 reret,
401 1205 491 1260 quam
526 1183 627 1262 pusilli
656 1184 769 1244 codicis
796 1185 988 1245 Ambrosiaui
1016 1181 1078 1260 (nel
1106 1179 1275 1263 archetypi)
1303 1204 1421 1244 errores

273 1288 373 1364 qualia
412 1289 580 1366 scripturae
620 1301 757 1347 monstra
789 1288 819 1346 in
853 1287 1053 1348 deterioribus
1087 1287 1242 1348 codicibus
1275 1307 1420 1365 generare

272 1391 456 1469 potuissent;
492 1391 672 1467 quicumque
699 1389 835 1450 Fickerti
868 1398 1047 1470 apparatum
1081 1391 1219 1450 criticum
1252 1409 1321 1450 cum
1353 1410 1420 1449 meo

273 1513 448 1572 comparare
476 1493 620 1568 uoluerit,
655 1493 781 1553 adfatim
809 1494 1012 1573 exemplorum
1040 1495 1144 1553 statim
1170 1493 1318 1570 inueniet,
1351 1513 1421 1552 nem

272 1597 320 1656 his
353 1597 494 1657 sordibus
528 1617 584 1673 ego
619 1597 864 1657 commentarium
897 1617 995 1657 meum
1028 1617 1154 1656 onerare
1187 1595 1329 1674 dignatus
1360 1617 1421 1656 nou

273 1696 386 1775 snm.*)

358 1802 420 1862 Sed
447 1811 567 1882 tempus
594 1809 651 1879 est,
687 1811 721 1864 ut
748 1803 787 1864 ud
814 1805 967 1882 propriam
989 1803 1129 1864 editionis
1150 1822 1236 1862 mese
1257 1801 1419 1880 praefatio-

272 1928 341 1967 nem
363 1906 520 1981 accedam
545 1906 646 1980 itaque
668 1926 686 1964 a
708 1906 822 1966 codicis
845 1907 1048 1986 descriptione
1069 1903 1271 1985 incipiendum
1294 1912 1349 1964 est.

357 2011 417 2070 Hic
440 2009 545 2083 codex,
569 2009 620 2085 qui
642 2009 673 2068 in
695 2010 879 2070 bibliothece
900 2010 1101 2069 Ambrosiaua
1121 2008 1232 2068 litteris
1256 2007 1280 2068 Ο
1301 2019 1354 2088 ng
1372 2009 1421 2067 90

272 2122 366 2192 part.
395 2112 460 2173 inf.
490 2113 636 2190 signetur,
672 2115 921 2173 membranaceus
950 2120 998 2173 est
1025 2111 1089 2172 lolii
1117 2113 1250 2187 minoris,
1284 2114 1326 2171 88
1348 2111 1422 2172 folia

274 2217 441 2292 continens,
476 2216 585 2292 quibus
615 2215 675 2274 duo
702 2235 762 2275 non
791 2215 949 2294 adipsum
973 2214 1109 2276 codicem
1130 2215 1312 2293 pertinentia
1333 2235 1420 2294 prae-

272 2318 332 2378 fixa
354 2325 434 2380 sunt.
479 2318 517 2377 Iu
539 2317 646 2377 horum
668 2319 765 2396 primo
787 2337 877 2378 uerso
898 2318 974 2378 hoec
996 2319 1140 2396 legimus:

360 2421 504 2500 „Senecas
537 2420 631 2480 multe
664 2421 819 2500 opuscula,
854 2441 981 2498 quorum
1007 2420 1137 2482 indicem
1168 2415 1173 2498 Ι
1202 2421 1298 2482 hebes
1320 2422 1350 2480 in
1373 2440 1420 2482 se·

276 2523 394 2601 „cunda
420 2525 540 2604 pagina.
571 2515 577 2601 Ι
607 2523 667 2584 Sed
697 2523 822 2584 aduerte
850 2525 1029 2604 opusculum
1057 2524 1095 2584 dc
1123 2524 1183 2584 otio
1212 2531 1243 2584 et
1272 2525 1311 2584 ed
1332 2507 1421 2603 Poly-

276 2629 377 2706 „bium
407 2621 412 2704 Ι
442 2647 502 2686 nou
530 2626 656 2704 reperiri
683 2626 714 2686 in
741 2627 799 2686 hoc
827 2627 940 2688 codice.
971 2620 977 2706 Ι
1008 2626 1158 2688 Caeterum
1185 2628 1234 2687 hio
1257 2627 1352 2688 codex
1374 2637 1422 2687 est

276 2732 375 2810 „notis
398 2750 470 2790 sane
493 2728 591 2788 doctis
614 2728 790 2807 adspersus,
812 2731 922 2790 litteris
952 2724 958 2809 Ι
988 2729 1198 2808 Longobardis
1222 2731 1420 2809 conscriptus,

277 2835 554 2912 „septingentorum
583 2840 614 2890 et
640 2831 770 2910 amplius
799 2826 805 2909 Ι
836 2851 981 2892 annorum
1010 2833 1188 2909 antiquitate
1215 2833 1420 2908 uenerandus,

276 2937 416 3013 „multiq3
440 2933 608 2994 faciendus.

361 3039 532 3115 „Felicibus
555 3037 697 3116 auspiciis
715 3033 799 3098 luet
817 3037 905 3098 Oard.
924 3037 1063 3099 Federici
1080 3037 1267 3099 Borrhomaei
1278 3039 1421 3117 Archiep.

277 3141 416 3217 „Medici
439 3141 589 3200 Antonius
613 3139 754 3218 Olgistus
776 3142 899 3221 scripsit
922 3162 999 3202 auno
1024 3143 1115 3202 1603.

362 3243 463 3320 „Illud
485 3243 576 3302 etiam
598 3249 629 3302 te
650 3263 766 3320 moneo,
789 3245 1005 3306 humanissime
1017 3244 1137 3321 Lector,
1162 3264 1199 3304 ex
1220 3245 1278 3304 hoc
1299 3244 1422 3323 potissi-

278 3368 377 3424 „mum
411 3345 515 3404 codice
543 3344 695 3404 Muretum
728 3347 776 3406 sui
805 3347 928 3408 Senecae
963 3368 1053 3424 quem
1086 3347 1181 3408 edidit
1208 3349 1424 3408 correctionem

278 3449 431 3529 „petiisse
464 3466 553 3524 quem
583 3448 659 3506 tanti
688 3447 771 3523 fecit,
804 3457 838 3508 ut
866 3470 933 3510 eum
963 3451 992 3510 in
1021 3451 1085 3510 suis
1112 3452 1193 3510 notis
1216 3450 1255 3510 od
1278 3449 1424 3510 Senecam

280 3551 402 3628 „multis
424 3549 566 3610 laudibus
588 3551 739 3610 extulerit.
783 3551 867 3630 Lege
889 3561 978 3614 notes
1001 3553 1039 3613 ad
1061 3553 1104 3632 pff
1126 3553 1163 3612 de
1185 3554 1230 3613 iro
1250 3573 1344 3632 super
1365 3553 1424 3612 illis

279 3656 400 3730 „uerbis
427 3653 575 3729 Quwdom
596 3671 672 3713 scitu
693 3673 792 3726 mono,
826 3657 922 3716 sorbis
944 3659 1093 3730 parciores
1121 3653 1199 3735 (cap.
1222 3659 1252 3733 4,
1282 3653 1323 3730 3).
1373 3655 1424 3715 In·

280 3765 377 3836 „epta
407 3757 449 3816 eit
470 3756 618 3832 Muretus,
645 3756 675 3816 iu
699 3757 766 3816 aliis
787 3757 888 3818 libris:
927 3759 1066 3834 Quium
1088 3760 1151 3818 sedo
1171 3764 1298 3818 monem.
1348 3758 1425 3818 Haec

281 3859 479 3938 „emendetiq
514 3867 549 3918 ut
576 3860 642 3919 eliae
668 3860 822 3939 pleneque,
856 3881 893 3920 ex
916 3863 1028 3940 optimo
1050 3870 1082 3921 et
1102 3861 1309 3922 nemetissimo
1332 3860 1426 3920 Libro

280 3963 412 4040 „Siculo
430 3970 487 4023 est.
531 3961 609 4022 Vide
637 3961 674 4022 de
701 3963 792 4024 beate
819 3963 883 4024 uite
910 3964 941 4022 iu
968 3965 1029 4024 illis
1057 3965 1174 4024 uerbis:
1209 3965 1260 4023 Me
1285 3965 1426 4024 lwminem

280 4071 423 4143 ‚mommo
446 4065 582 4140 copiaco,
607 4083 673 4125 cum
695 4065 761 4126 Diis
781 4067 889 4142 saudim
923 4068 1089 4128 conuoltobo
1112 4061 1192 4145 (cap.
1215 4069 1266 4142 25,
1289 4063 1331 4142 4).
1376 4065 1426 4126 Sic

281 4169 362 4247 „elij,
396 4177 427 4228 at
449 4173 561 4245 quanto
583 4168 700 4245 melius,
723 4168 804 4246 quod
827 4188 845 4227 a
866 4189 914 4229 me
937 4189 974 4229 ex
995 4171 1073 4229 libro
1096 4167 1197 4228 Siculo
1221 4176 1339 4228 erutum
1362 4176 1424 4228 est:

278 4301 506 4312 ——---—-

300 4351 331 4420 Ι)
349 4352 392 4408 Ut
415 4369 504 4407 unum
528 4349 576 4404 hic
599 4350 762 4420 exemplum
785 4349 924 4419 adferam,
952 4351 1017 4421 quis
1041 4351 1175 4407 crederet
1191 4351 1255 4407 fieri
1273 4367 1367 4421 posse,
1394 4357 1428 4406 ut

348 4454 375 4506 p.
396 4437 455 4504 311,
480 4437 513 4489 12
541 4435 571 4490 in
595 4435 644 4490 lib.
668 4435 704 4491 ds
728 4428 873 4492 breuitate
895 4437 975 4492 uitae
999 4439 1024 4506 4,
1047 4440 1064 4491 4
1087 4439 1130 4506 (z
1155 4437 1190 4504 V,
1212 4439 1229 4491 2
1258 4436 1301 4492 ed.
1324 4435 1368 4503 F.)
1391 4454 1427 4491 ex

348 4519 501 4591 archetypi
524 4520 670 4590 scripture
692 4526 741 4590 qui
761 4523 916 4578 hominihus
931 4524 1094 4592 pentibusffl
1122 4523 1186 4593 (pro
1202 4523 1371 4591 pentibusffl)
1397 4521 1427 4575 in

349 4605 542 4662 deterioribus
561 4605 633 4662 baec
651 4613 816 4662 orerentur:
844 4608 922 4676 quib;
940 4607 1063 4663 omnibus
1080 4608 1247 4677 potestibus
1264 4608 1354 4677 quae?
1389 4607 1427 4660 Et

348 4694 442 4748 multu
459 4691 569 4747 adferri
587 4699 710 4762 possunt
728 4693 839 4748 similis.
1420 4687 1422 4691 ’
