3286 5244
1238 405 1335 501 xvrr

185 613 298 671 genera
329 591 379 651 hio
411 591 544 651 breuiter
577 609 808 650 commemorare
837 589 921 664 libet,
955 589 1009 648 sed
1040 591 1242 669 exemplorum
1273 594 1334 652 uim

184 715 244 756 non
274 693 418 769 adferam,
448 713 520 766 ,cum
550 693 581 752 in
609 693 736 770 singulis
763 691 828 752 fere
855 691 974 771 paginis
1003 694 1208 753 commentarii
1236 696 1333 756 critici

184 799 313 858 inueniri
335 797 462 877 possint.
518 797 600 874 Ergo
623 815 733 874 magna
755 795 972 856 correctionum
994 815 1066 874 pars
1089 815 1123 854 eo
1147 797 1243 856 solum
1264 819 1333 876 per·

183 902 271 976 tinet,
294 909 328 960 ut
345 921 389 975 ea,
413 920 491 976 quae
508 921 525 959 a
542 919 632 959 manu
648 898 745 977 prima
762 897 840 958 male
857 898 972 976 scripta
988 898 1047 958 iam
1064 899 1131 977 ipse
1144 902 1174 957 ι’
1188 906 1240 959 aut
1253 901 1286 959 t²
1298 922 1333 961 eo

183 1003 284 1078 modo,
308 1023 397 1079 quem
419 1023 511 1082 supra
533 1001 691 1081 descripsi,
716 1009 917 1074 correxerant,
941 1000 998 1060 alio
1018 1001 1135 1061 scilicet
1153 1002 1333 1080 perfectiore

183 1105 274 1166 modo
291 1106 494 1188 corrigantur,
518 1105 610 1180 uelut,
634 1124 702 1164 cum
719 1105 864 1182 scriptum
886 1112 968 1163 esset
991 1097 1185 1182 ‘uirtutes,
1208 1117 1331 1186 perat,

184 1208 270 1268 fece
291 1209 536 1284 ramirantur,
559 1208 669 1268 istut’
693 1216 723 1267 ot
745 1207 819 1268 haec
838 1209 870 1265 ι’
888 1215 940 1266 aut
957 1208 991 1274 ll'⁴
1005 1206 1048 1267 ite
1066 1209 1278 1286 correxissent,
1300 1219 1334 1270 ut

583 1323 602 1359 n
1074 1327 1079 1336 ·
1111 1304 1130 1358 d

184 1379 273 1439 fieret
290 1359 617 1475 ‘uirtute·s,parat‚
635 1373 1027 1458 fecevrelmirantur,
1045 1357 1168 1472 istut’,
1181 1381 1239 1441 hoc
1255 1402 1333 1442 nouo

185 1501 348 1560 correctori
365 1519 424 1559 non
443 1501 520 1560 satis
537 1519 605 1561 esse
623 1501 722 1560 uisum
740 1507 796 1576 est,
819 1498 875 1559 sed
890 1517 1014 1558 rasurae
1031 1499 1147 1558 auxilio
1164 1520 1237 1560 usus
1259 1502 1334 1562 haec

184 1601 302 1663 effecit:
342 1597 561 1680 ‘uirtute-s,
596 1608 745 1682 parant,
779 1601 906 1662 iecere
943 1603 1174 1678 mirantur,
1214 1605 1333 1664 istud’

185 1704 288 1779 (stella
318 1728 337 1762 s
352 1727 489 1767 rasuram
522 1705 687 1785 significat,
722 1706 841 1766 litterae
868 1705 1030 1764 inclinatae
1057 1724 1110 1764 eae
1138 1715 1223 1782 sunt,
1258 1728 1334 1785 quas

185 1819 339 1870 corrector
365 1811 394 1869 in
417 1829 523 1870 rasura
546 1829 701 1870 erasarum
723 1809 788 1869 loco
811 1809 977 1884 substituit,
1001 1828 1059 1885 quo
1079 1809 1168 1869 modo
1185 1830 1241 1888 ego
1259 1812 1334 1872 haec

185 1914 217 1972 in
234 1913 445 1977 commentario
459 1912 573 1988 critico,
591 1913 642 1972 ubi
653 1910 719 1971 fieri
730 1917 859 1990 poterat,
877 1907 1068 1988 significaui).
1112 1911 1200 1972 Aliae
1218 1933 1334 1974 correc-

184 2017 284 2075 tiones
302 2035 336 2076 eo
361 2014 486 2076 consilio
505 2012 607 2074 ‘factae
631 2023 711 2091 sunt,
734 2023 768 2074 ut
790 2015 893 2090 uerba,
917 2033 994 2091 quae
1017 2033 1122 2074 manus
1144 2015 1241 2093 prima
1263 2037 1334 2077 con-

184 2119 309 2179 iunctim
326 2119 501 2198 scripserat,
519 2117 598 2178 inter
613 2137 647 2176 se
666 2117 894 2190 diuellersntur;
919 2116 1011 2192 uelut,
1030 2136 1098 2176 oum
1110 2119 1142 2176 ιιι
1155 2120 1333 2198 saepissime

185 2223 424 2302 praepositiones
465 2240 532 2280 cum
569 2222 707 2297 sequenti
746 2240 822 2280 uoce
860 2220 1065 2279 coniunxisset
1098 2222 1331 2300 scripsissotque

186 2323 348 2401 ‘deuita,
369 2323 609 2401 cumgaudio,
634 2323 797 2398 intense,
820 2343 946 2402 perse,
969 2322 1152 2382 sinerisu’
1175 2325 1332 2402 similises,

185 2428 220 2484 A*
235 2428 309 2487 haec
328 2428 359 2487 in
377 2423 450 2486 ‘d's
480 2428 574 2502 uita,
595 2434 637 2486 cu
656 2459 673 2497 2,
690 2425 843 2504 gaudio,
867 2424 1006 2500 inme,
1025 2445 1128 2503 pase,
1149 2428 1332 2499 numism

183 2531 322 2608 mutauit,
355 2531 387 2590 in
417 2531 526 2608 quibus
549 2529 795 2604 correctionibus,
829 2538 863 2587 ut
884 2549 940 2606 par
962 2535 1019 2602 est,
1053 2530 1231 2609 saepissime
1253 2551 1333 2592 com·
1357 2567 1363 2580 ·

185 2634 303 2713 pendiis
325 2635 429 2710 utitur,
463 2653 642 2710 quamquam
664 2632 738 2692 haec
762 2630 882 2710 quidem
903 2651 964 2690 non
987 2651 1021 2690 eo
1045 2633 1169 2692 consilio
1193 2636 1331 2710 correxit,

185 2748 220 2797 ot
251 2736 326 2796 hoec
358 2715 536 2815 compendia
567 2734 709 2809 inferret,
751 2743 841 2811 atque
874 2754 919 2811 ee,
954 2753 1030 2810 quae
1062 2737 1160 2814 posui,
1197 2737 1334 2817 exempla

186 2851 287 2900 tumen
314 2838 506 2900 modestioris
534 2847 605 2898 sunt
631 2837 761 2916 generis,
795 2836 851 2896 sod
878 2837 1029 2896 interdum
1062 2833 1129 2912 (cfr.
1159 2860 1188 2916 p.
1218 2843 1269 2917 27,
1299 2844 1333 2917 3;

188 2945 240 3020 81,
266 2946 318 3018 le;
343 2944 467 3018 96,19;
492 2943 542 3018 97,
561 2942 616 3014 27;
641 2936 763 3017 99,10)
786 2939 892 3000 eodem
913 2940 1002 3018 plane
1025 2940 1150 3000 oonsilio
1172 2943 1337 3020 longiorem

188 3047 353 3106 litterarum
371 3046 480 3106 seriem
502 3065 594 3104 unum
617 3051 670 3104 aut
691 3043 779 3123 plura
800 3044 894 3103 uerba
917 3061 984 3102 curn
1001 3043 1144 3122 proximis
1163 3046 1337 3106 continuata

189 3148 437 3228 complectentem
448 3149 551 3224 erasit,
564 3147 739 3222 eademque,
747 3165 823 3223 quae
836 3143 999 3220 deleuerat,
1012 3145 1043 3204 in
1054 3165 1160 3206 rasura
1171 3149 1336 3209 minoribus

186 3252 296 3312 litteris
319 3259 358 3326 et,
392 3251 419 3310 si
441 3249 506 3310 lieri
527 3256 657 3329 poterat,
692 3248 876 3328 compendiis
899 3248 1042 3308 adhibitis
1064 3249 1195 3328 scripsit.
1248 3251 1335 3312 Idem

187 3355 345 3414 consilium
371 3353 523 3414 interdum
556 3351 624 3428 (cfr.
648 3373 677 3430 p.
701 3353 751 3428 91,
783 3354 823 3412 10
852 3359 883 3410 et
905 3346 958 3423 25)
991 3352 1021 3410 in
1045 3372 1080 3410 eo
1103 3372 1221 3430 quoquc
1245 3356 1335 3414 corri-

187 3457 278 3536 gendi
294 3477 404 3536 genere
422 3463 557 3536 apparet,
572 3456 657 3516 errius
674 3455 824 3534 permulta
841 3453 978 3532 exempla
994 3455 1196 3532 inueniuntur,
1216 3477 1284 3534 quo,
1303 3466 1336 3518 ut

187 3561 315 3638 singulis
332 3559 478 3638 exemplis
500 3579 564 3619 rem
585 3558 745 3634 declarem,
769 3554 875 3628 ‘im'
898 3577 953 3635 pro
976 3552 1097 3634 ‘irae',
1121 3553 1257 3628 ‘rixaff’
1279 3581 1334 3638 pro

188 3661 324 3723 ‘rixam'
352 3661 524 3736 substituit;
559 3681 664 3722 uerum
686 3662 809 3740 saepius
832 3662 921 3721 etiam
945 3661 982 3719 ob
1006 3660 1095 3720 aliam
1118 3680 1239 3720 causam
1261 3663 1335 3722 talia

187 3766 326 3824 correxit.
388 3765 466 3826 Nam
500 3784 569 3824 cum
597 3766 667 3822 ll¹*q
694 3765 870 3842 plerumque
898 3785 913 3836 e
942 3761 1008 3836 (aut
1041 3763 1193 3823 interdum
1220 3759 1247 3838 e)
1279 3787 1333 3843 pro

186 3867 372 3946 diphthongo
395 3885 429 3926 ac
450 3867 636 3946 scripserint,
660 3887 718 3926 uon
741 3867 847 3946 paucis
869 3866 944 3926 locis
966 3873 1066 3924 tamen
1088 3883 1122 3924 ce
1138 3867 1333 3944 reliquerunt,

186 3969 267 4046 quod
300 3970 498 4049 archetypum
530 3969 595 4030 fere
627 3989 747 4048 semper
779 3969 922 4028 habuisse
954 3968 1019 4026 ueri
1052 3967 1148 4028 simile
1182 3979 1243 4044 est;
1278 3971 1333 4030 has

188 4073 329 4150 antiquus
356 4073 524 4152 scripturae
552 4071 698 4149 reliquiae
726 4072 848 4152 saepius
876 4072 925 4132 uel
948 4073 979 4129 l¹
1002 4070 1051 4130 uel
1079 4072 1214 4150 proxime
1236 4073 1333 4133 secuti

187 4201 374 4253 correctores
396 4191 443 4270 (Α9
464 4200 495 4254 et
516 4188 561 4267 ι’)
584 4193 627 4252 ita
648 4211 803 4253 remouere
826 4192 1017 4268 studuerunt,
1049 4201 1082 4250 ut
1103 4169 1137 4284 cie
1158 4192 1205 4252 uel
1229 4189 1332 4269 (reris-

186 4308 273 4386 sime)
295 4314 532 4404 cescubercnt3
557 4313 612 4372 sed
634 4322 665 4372 et
687 4333 764 4391 quae
786 4313 845 4372 iam
867 4313 911 4372 sic
935 4320 1071 4372 correcta
1093 4319 1179 4371 erant
1202 4321 1232 4372 et
1254 4333 1332 4390 quae

185 4434 276 4492 etiam
297 4453 378 4492 nuno
399 4433 514 4493 intacta
535 4441 714 4511 supererant
735 4433 784 4492 hic
802 4439 955 4492 corrector
967 4429 1035 4508 (N),
1057 4429 1241 4509 implacabili
1258 4452 1331 4509 quo-

185 4535 254 4596 dam
266 4535 355 4594 buius
368 4535 546 4614 diphthongi
559 4535 627 4596 odio
640 4535 759 4610 ductis,
778 4535 955 4614 saepissime
967 4537 1011 4594 ita
1021 4534 1160 4610 correxit,
1178 4544 1213 4594 ut
1221 4535 1331 4594 litteris

184 4639 243 4698 illis
266 4639 384 4698 duabus
406 4639 502 4699 erosis
524 4639 555 4698 in
577 4639 692 4698 rasuris
715 4658 730 4699 e
751 4639 958 4739 spbstitucret.
1014 4637 1056 4695 Et
1083 4637 1163 4714 quod
1192 4635 1330 4706 ‘rim’

1102 4751 1127 4790 11
