3182 5252
282 370 345 433 316
403 359 407 370 ¹
511 395 538 434 a.
564 395 679 434 susam
701 392 837 434 sausoure
860 393 1060 435 ursuooosvu
1082 393 1142 432 ure.
1166 393 1196 433 x.

281 579 405 643 punge,
429 557 575 642 inquam,
601 564 635 622 et
656 580 797 624 recense
820 559 911 624 uitae
936 565 1014 624 tuae
1039 556 1126 622 dies:
1150 556 1283 623 uidebis
1303 581 1434 644 paucos

246 665 464 731 cadmodum
501 674 536 731 et
561 667 704 734 reiculos
734 668 825 753 apud
853 674 887 732 te
915 666 1094 732 resedisse.
1149 665 1344 732 Adsecutus
1374 667 1436 732 ille

281 797 365 860 quos
410 782 588 862 optauerat
625 773 737 842 fasces
778 776 871 862 cupit
908 797 1036 862 ponere
1076 783 1111 840 et
1148 775 1293 842 subinde
1333 778 1436 844 dicit:

283 885 439 969 „quando
461 883 518 950 hic
542 907 649 950 annus
672 885 914 972 praeteribit?“
960 884 1059 950 Facit
1080 883 1138 950 iile
1155 884 1263 970 ludos,
1288 909 1438 972 quorum

281 1000 406 1058 sortem
429 993 494 1058 sibi
518 995 695 1079 optingere
717 1015 842 1080 magno
865 993 1072 1059 aestimauit:
1109 994 1286 1078 „quando“
1320 997 1463 1082 inquito
1583 999 1584 1074 ἶ

283 1103 384 1186 „istos
425 1099 628 1188 effiagicm?“
685 1101 851 1188 Diripitur
890 1102 946 1168 ille
985 1109 1058 1168 tcto
1090 1101 1166 1168 foro
1199 1110 1363 1190 patronus
1399 1113 1439 1168 et

236 1273 238 1278 .
281 1233 404 1296 magno
428 1233 594 1277 concursu
617 1211 729 1276 omnia
752 1211 849 1294 ultra,
873 1233 974 1296 quam
994 1211 1102 1277 audiri
1120 1219 1242 1299 potest,
1267 1213 1435 1300 complet:

282 1318 459 1404 „quando“
492 1320 604 1404 inquit
638 1341 711 1403 „res
739 1317 996 1406 proferentur?“
1052 1321 1260 1408 Praecipitat
1288 1323 1437 1409 quisque

281 1429 386 1493 uitam
409 1449 504 1493 suam
527 1436 562 1494 et
583 1427 690 1493 futuri
707 1427 876 1494 desiderio
893 1429 1035 1514 laborat,
1059 1432 1289 1516 praesentium
1305 1431 1435 1498 taedio,

246 1537 328 1602 eAt
350 1535 418 1620 ille,
454 1537 511 1622 qui
534 1537 666 1602 nullum
687 1559 756 1602 non
779 1544 912 1624 tempus
934 1540 969 1604 in
992 1561 1073 1604 usus
1096 1560 1175 1604 suos
1199 1538 1340 1623 confert,
1372 1543 1436 1627 qui
1452 1571 1476 1605 lc
1583 1529 1584 1590 3

282 1667 414 1710 omnem
448 1645 535 1711 diem
558 1652 731 1732 tamquam
753 1647 903 1712 ultimam
929 1648 1072 1732 ordinat,
1105 1671 1170 1715 nec
1194 1655 1292 1734 optat
1313 1651 1434 1715 crasti-

280 1775 362 1819 num
383 1776 448 1820 nec
470 1755 581 1838 timet3
614 1755 696 1840 quid
720 1755 809 1820 enim
833 1763 892 1840 est,
917 1756 1009 1841 quod
1031 1757 1099 1822 iam
1121 1756 1191 1823 ulla
1212 1756 1298 1824 hora
1319 1781 1435 1825 nouae

281 1863 467 1950 uoluptatis
489 1865 598 1950 possit
620 1863 777 1930 adferre?
801 1864 1021 1949 omnianota,
1045 1867 1157 1932 omnis
1175 1865 1218 1931 ad
1238 1868 1436 1966 satietatem

282 1977 443 2059 percepta
466 1979 552 2038 sunt.
598 1973 651 2037 De
675 1977 788 2038 cetero
810 1970 883 2039 fors
904 1971 1052 2058 fortuna,
1086 1981 1124 2039 ut
1147 1975 1250 2057 uolet,
1280 1977 1433 2043 ordinet:

281 2080 353 2146 uita
381 2081 506 2147 iamin
528 2087 602 2147 tuto
627 2088 694 2164 est;
728 2080 808 2146 huic
842 2083 991 2166 (aliquid)
1026 2083 1115 2148 adici
1137 2091 1261 2170 potest,
1297 2085 1475 2152 detrahis

281 2187 375 2271 nihil,
399 2197 434 2252 et
457 2189 546 2256 adici
569 2191 627 2273 sic,
651 2189 936 2274 quemadmodum
959 2199 1073 2256 saturo
1097 2191 1164 2256 iam
1188 2215 1227 2257 ac
1249 2193 1350 2280 pleno
1370 2195 1433 2260 ali-
1583 2187 1584 2210 ¹

231 2315 264 2368 10
282 2296 363 2382 quid
393 2297 470 2383 cibi,
505 2299 597 2384 quod
617 2321 681 2364 nec
705 2298 876 2364 desiderat
899 2301 952 2380 (et)
977 2300 1076 2386 capit.
1131 2301 1209 2366 Non
1231 2309 1284 2367 est
1305 2303 1432 2390 itaque,

281 2405 373 2490 quod
397 2427 599 2491 quemquam
620 2413 759 2504 propter
775 2430 880 2474 canos
898 2415 958 2474 aut
974 2430 1076 2494 rugos
1093 2415 1194 2496 putes
1212 2409 1272 2476 diu
1288 2411 1432 2479 uixisse:

280 2536 351 2580 non
382 2513 440 2580 ille
477 2515 535 2580 diu
568 2517 667 2598 uixit,
701 2515 763 2580 sed
791 2517 850 2580 diu
876 2515 951 2582 fuit.
1019 2513 1110 2594 Quid
1140 2517 1243 2602 enim,
1280 2521 1308 2584 si
1335 2520 1433 2586 iilum

7 2633 8 2644 ’
127 2621 288 2710 10171111
312 2623 454 2689 multum
482 2631 582 2712 putes
603 2625 794 2710 nauigasse‚
829 2647 930 2710 quem
953 2649 1056 2692 saeua
1078 2633 1263 2714 tempestas
1287 2637 1474 2715 apertum
1583 2695 1584 2700 ,

282 2739 462 2820 exceptum
494 2733 561 2798 hue
591 2741 626 2799 et
654 2733 734 2798 illuc
762 2734 841 2799 tulit
869 2757 909 2799 ac
938 2734 1071 2800 uicibus
1099 2743 1281 2802 uentorum
1311 2760 1351 2802 ex
1380 2737 1431 2802 di-

279 2863 379 2908 uerso
402 2841 587 2908 furentium
609 2865 671 2929 per
693 2842 813 2908 eadem
836 2844 946 2930 spatia
966 2845 1002 2908 in
1025 2843 1143 2910 orbem
1166 2845 1258 2932 egit?
1280 2868 1349 2911 non
1372 2845 1433 2911 ille

279 2951 422 3016 multum
443 2952 628 3037 nauigauit,
652 2959 703 3017 set
725 2950 869 3016 muitum
891 2951 1038 3017 iactatus
1062 2959 1123 3018 est.

279 3190 452 3247 areiieulos
470 3191 608 3246 Erasmus
625 3199 651 3246 et
669 3209 726 3262 cyp
744 3191 883 3248 ridiculos
901 3192 923 3250 Α
1035 3199 1137 3264 aputte
1157 3194 1198 3260 ΑΙ,
1217 3209 1285 3249 corr.
1304 3192 1337 3250 A*
1354 3201 1381 3250 et
1396 3195 1431 3251 A*

821 3279 831 3314 r

373 3330 389 3382 e
407 3328 596 3386 estimares
699 3315 835 3400 sinque
853 3330 924 3387 r¹-²
1029 3331 1060 3384 10
1078 3330 1248 3400 quiremus
1266 3330 1337 3387 ΑΗ

282 3432 312 3485 11
332 3449 445 3487 omnem
464 3432 541 3489 diem
558 3435 670 3500 scripsi3
690 3417 724 3486 ὄέ
744 3431 804 3487 dies
830 3432 863 3497 Α,
890 3433 938 3488 eeu
962 3451 993 3487 es
1011 3433 1042 3487 in
1060 3450 1115 3487 res.
1133 3450 1168 3488 m.
1185 3437 1273 3503 2pro
1292 3438 1308 3498 e
1325 3443 1357 3489 at
1374 3434 1428 3489 uid

280 3517 398 3584 scripsit.
493 3523 643 3588 tamquam
661 3517 797 3573 ultimum
816 3516 933 3572 ordinet
949 3519 1051 3586 scepei
1069 3527 1177 3575 securae
1194 3520 1364 3590 Bentleyraa,
1383 3519 1430 3588 φά

280 3610 370 3656 mmm
384 3603 519 3659 ultimam
533 3621 588 3658 noa
602 3610 671 3658 recte
684 3605 769 3656 ceriti
781 3603 888 3657 uolebat
905 3601 965 3668 (cfr.
977 3607 1053 3671 epesi.
1063 3607 1108 3672 12,
1126 3607 1145 3659 8
1159 3613 1183 3660 et
1194 3606 1303 3661 Manita
1314 3603 1430 3660 Senecae

279 3705 401 3758 nupera
424 3689 582 3757 Woelfflinc
601 3691 681 3756 edite,
699 3689 746 3744 ubi
765 3695 832 3744 emt.
851 3690 887 3742 18
904 3689 970 3742 toec
989 3698 1040 3744 est:
1067 3691 1161 3746 omnis
1180 3690 1242 3746 dies
1260 3691 1345 3746 uelut
1361 3690 1428 3745 uiti·

280 3792 344 3828 mus
367 3774 545 3830 ordinandus
569 3776 639 3842 est);
665 3779 755 3844 ttqud
778 3774 841 3829 uita
856 3776 861 3839 Ι
878 3775 993 3830 ordinat
1011 3777 1039 3834 A.
1067 3791 1150 3844 queam
1165 3779 1334 3844 arripueram
1351 3774 1431 3830 Kcot

280 3861 337 3915 loco
356 3860 432 3929 epist.
451 3863 492 3927 61,
514 3863 528 3915 1
546 3861 691 3926 defendere
709 3867 838 3928 eoactum
856 3860 953 3914 melius
970 3861 1079 3924 adferri
1094 3868 1203 3930 potero!
1220 3863 1297 3930 epist.
1310 3864 1370 3928 101,
1388 3863 1427 3916 10.

283 3944 430 4016 Utramque
449 3948 538 4001 eodem
555 3947 634 4010 redit,
654 3945 701 4000 sed
715 3951 830 4015 propter
848 3963 873 4000 a.
884 3963 906 4014 q.
917 3962 939 4001 e.
955 3945 1090 4002 ordinare
1106 3955 1131 4002 et
1146 3950 1216 4003 locos
1227 3949 1313 4016 plene
1327 3947 1429 4001 similes

279 4031 407 4102 Bentleyi
423 4035 556 4088 rationem
572 4033 701 4100 praetuli·
761 4049 815 4087 nec
834 4029 865 4088 A¹
885 4047 952 4087 corr.
972 4049 1006 4085 ex
1022 4032 1084 4089 Nec
1151 4034 1184 4088 12
1201 4033 1259 4088 iam
1279 4033 1340 4088 ulia
1358 4033 1429 4088 hora

279 4133 352 4172 auus
370 4114 391 4173 D
411 4125 436 4171 er
452 4133 497 4187 rep.
515 4119 580 4172 inde
597 4118 772 4185 obErermo3
790 4117 820 4171 ia
837 4117 919 4172 nulltt
936 4116 1052 4184 bortffrt
1105 4119 1139 4173 1ss
1156 4117 1427 4176 satientatem

280 4205 310 4257 r'a
327 4219 378 4272 my.
397 4203 431 4276 A?
501 4206 533 4259 14
550 4203 611 4258 fors
631 4203 770 4272 Horetum
788 4201 891 4260 fcrod
962 4203 994 4257 1⁵
1012 4203 1123 4273 aliquid
1140 4205 1248 4260 addidit
1264 4202 1428 4272 Wesenberg.

383 4289 415 4343 17
442 4295 473 4344 et
499 4289 609 4344 addidit
629 4289 752 4358 Medeia.
858 4290 891 4344 18
918 4306 1005 4344 canos
1031 4289 1279 4355 (stercorat)
1305 4290 1327 4347 Α

280 4379 366 4444 putes
384 4373 434 4430 diu
452 4375 580 4430 uixisse*
607 4375 657 4429 diu
674 4375 732 4429 fuit
750 4375 796 4440 ΑΗ
821 4391 930 4430 erasum
946 4381 989 4430 est
1005 4374 1035 4443 d;
1054 4391 1139 4444 cupra
1157 4392 1268 4431 worm
1284 4377 1309 4432 h.
1328 4365 1345 4430 i.
1361 4369 1429 4442 ’(ποπ

279 4461 310 4514 in
327 4477 387 4530 my„
415 4467 445 4514 ut
462 4459 542 4514 Koct
558 4460 636 4522 diat)
664 4460 696 4517 ps
714 4468 764 4514 cut
781 4458 814 4517 A⁸
831 4461 897 4515 aare
914 4461 997 4515 uerte
1015 4461 1169 4526 addiderat,
1197 4479 1267 4530 qaue
1279 4469 1379 4532 postea
1396 4460 1427 4518 A·

280 4554 330 4601 aut
346 4547 380 4602 Α15
396 4547 516 4602 caenida
538 4549 684 4602 reamaer'r
707 4554 731 4600 et
746 4553 812 4614 poet
827 4545 937 4601 uixisse
955 4549 1100 4602 anaema
1117 4563 1177 4603 care
1194 4548 1345 4603 indicauit:
1370 4565 1426 4602 uon

280 4631 330 4688 illc
354 4631 404 4688 diu
426 4631 587 4698 uixit.sed‚
614 4649 684 4702 quoe
705 4633 790 4687 uerba
810 4631 927 4698 Meri,
952 4632 1056 4700 Haase,
1084 4633 1161 4688 Koch
1181 4634 1315 4689 immerita
1332 4635 1429 4701 spuria

279 4716 478 4772 trecasenae.
584 4717 616 4772 19
634 4716 703 4787 quid
721 4717 798 4774 enim
816 4735 874 4787 a9.;
893 4717 970 4788 quod
988 4723 1035 4774 ent
1052 4719 1074 4774 Α
