3322 5246
322 395 384 462 158
551 420 579 462 n.
602 419 720 462 usuam
741 419 877 462 munera
898 417 1098 462 uranouonvu
1119 419 1180 462 ara.
1203 419 1233 461 v.

319 585 432 674 puella
459 583 609 650 remedio
643 584 756 672 palam
785 584 937 669 admoto,
972 583 1105 668 eadam,
1140 584 1219 670 quia
1246 605 1316 648 non
1343 607 1464 672 expes-

319 695 417 778 tauit,
440 693 591 759 dolorem
614 692 702 758 tulit.
747 693 923 770 Quaedam
943 715 1014 759 non
1035 693 1102 758 nisi
1125 693 1271 779 decepta
1293 701 1463 760 sanantur.
1520 727 1525 738 ·

287 803 394 868 1XL.
439 802 547 866 Alteri
571 801 679 867 diues:
713 801 810 886 „uide
832 824 876 866 ne
898 801 1044 867 inimicis
1066 801 1244 868 iracundia
1263 807 1323 867 tua
1344 802 1464 890 uolup-

318 912 383 977 aa
416 910 495 988 sau
537 911 649 976 alteri:
690 910 788 995 „use
825 933 870 976 ne.
902 910 1101 998 magnitudo
1136 910 1238 976 ammi
1272 911 1323 978 aa
1357 913 1464 978 eren·
1506 891 1532 948 θ

318 1026 458 1106 tumque
482 1019 573 1106 apud
594 1020 775 1106 plerosque
798 1021 902 1085 robur
920 1019 1037 1086 eadat:
1060 1019 1220 1106 indignor
1237 1042 1291 1086 me
1309 1019 1490 1088 herculeas

319 1135 354 1196 ot
374 1151 446 1196 non
467 1127 604 1194 inuenio
628 1127 766 1194 dolendi
788 1127 941 1214 modum,
970 1128 1031 1194 sed
1058 1135 1193 1216 tempus
1216 1129 1465 1216 expectandum

319 1243 385 1322 est;
410 1237 505 1303 dabit
529 1259 674 1323 poenas;
698 1258 797 1302 serua
813 1236 907 1302 istud
922 1237 959 1302 in
978 1237 1090 1304 animo
1109 1243 1184 1304 tuo:
1208 1261 1285 1304 oum
1301 1239 1463 1325 potueris,

283 1352 355 1411 ‘ret
374 1368 437 1433 pro
465 1367 560 1412 mora
587 1345 740 1410 reddes.“
787 1345 963 1432 Castigare
987 1368 1069 1412 uero
1091 1347 1295 1413 irascentem
1318 1354 1353 1414 et
1373 1347 1463 1414 ultro

318 1454 465 1521 obirasci
496 1454 639 1520 incitare
673 1461 739 1538 est3
779 1455 872 1520 uarie
908 1454 1116 1541 adgredieris
1150 1455 1358 1542 blandeque,
1397 1457 1464 1522 nisi

317 1562 406 1630 forte
440 1571 536 1628 tanta
568 1585 715 1649 persona
756 1563 838 1648 eris,
878 1569 917 1628 ut
954 1564 1064 1650 possis
1102 1564 1186 1630 iram
1226 1565 1462 1650 comminuere,
1476 1593 1500 1630 ιο

319 1671 603 1757 quemadmodum
630 1670 713 1738 feeit
741 1673 839 1738 diuus
867 1669 1060 1758 Augustus,
1095 1695 1172 1738 oum
1206 1679 1344 1740 cenaret
1373 1675 1463 1762 apud

316 1779 464 1847 Vedium
486 1779 685 1846 Pollionem.
736 1780 902 1866 Fregerat
924 1803 1010 1846 unus
1033 1805 1075 1848 ex
1097 1782 1203 1848 seruis
1228 1783 1298 1848 eius
1321 1783 1462 1849 omstal·

285 1969 289 1978 A
316 1889 437 1974 linum;
471 1888 545 1974 rapi
580 1911 656 1954 eum
683 1888 813 1955 Vedius
845 1889 945 1954 iussit
971 1912 1015 1955 ne
1043 1889 1176 1977 uulgari
1204 1892 1341 1976 quidem
1369 1915 1462 1959 more

316 1997 519 2086 periturum:
563 1998 712 2063 murenis
751 1998 841 2063 obioi
879 1997 1076 2083 iubebatur,
1121 2021 1205 2085 quas
1244 2000 1394 2086 ingentis
1426 2001 1463 2066 in

315 2107 447 2194 piscina
470 2106 676 2172 continebat.
733 2105 816 2185 Quis
844 2129 915 2173 uon
942 2105 1007 2172 hoo
1035 2107 1132 2173 illum
1153 2115 1290 2195 putaret
1310 2108 1462 2175 luxuriae
1475 2137 1500 2174 a

278 2222 300 2278 ,3
317 2237 420 2281 oausa
449 2214 585 2280 faeere?
620 2214 762 2280 saeuitia
796 2222 877 2280 erat.
933 2215 1054 2281 Euasit
1083 2239 1101 2282 e
1130 2217 1286 2284 manibus
1314 2241 1400 2304 puer
1428 2227 1462 2284 ot

316 2323 471 2410 confugit
494 2323 538 2388 ad
560 2322 714 2388 (laeseris
736 2323 843 2409 pedes
866 2323 950 2388 nihil
974 2324 1066 2390 aliud
1088 2325 1274 2412 petitums,
1302 2349 1404 2412 quam
1425 2335 1463 2393 ut

317 2432 415 2499 aliter
436 2431 578 2518 periret,
601 2453 644 2496 ne
675 2453 753 2496 esea
779 2431 892 2498 fieret:
925 2439 1038 2498 motus
1068 2439 1120 2499 est
1141 2434 1295 2500 nouitate
1318 2435 1461 2503 erudeli·

273 2541 277 2550 ⁴
316 2541 397 2607 tatis
431 2539 556 2606 Caesar
589 2545 623 2604 et
660 2540 755 2605 illum
793 2540 931 2627 quidem
969 2541 1074 2626 mitti,
1114 2543 1311 2610 crustallina
1349 2551 1463 2610 autem

281 2656 299 2711 4
317 2650 430 2716 omnia
457 2671 571 2714 eoram
600 2671 636 2714 so
658 2647 770 2734 frangi
792 2649 890 2714 iussit
912 2650 1131 2737 conplerique
1152 2651 1326 2738 piscinam.
1380 2653 1500 2719 muta

316 2758 454 2825 Caesari
486 2758 535 2823 sio
568 2757 787 2842 castigandus
820 2758 965 2843 amious;
1004 2760 1094 2826 bena
1132 2783 1213 2826 usus
1248 2768 1299 2826 est
1331 2761 1460 2828 uiribus

309 2868 401 2933 suis:
438 2867 486 2952 „E
516 2865 673 2932 conuiuio
702 2867 775 2952 rapi
803 2865 956 2932 homines
984 2867 1132 2954 imperas
1160 2876 1195 2935 et
1221 2869 1304 2935 noui
1325 2869 1460 2956 generis

315 2977 435 3064 poenis
457 2977 643 3042 lancinari?
666 2975 695 3040 si
717 2975 805 3040 oalix
827 2983 906 3040 tuus
928 2975 1057 3042 fractus
1080 2983 1142 3060 est,
1165 2977 1299 3044 uiscera
1314 2976 1460 3044 hominis

228 3077 234 3090 ’
316 3083 570 3150 distrahentur?
603 3091 736 3150 tantum
768 3083 831 3148 tibi
864 3084 1031 3170 placabis,
1064 3091 1102 3150 ut
1129 3085 1178 3151 ibi
1207 3085 1353 3172 aliquem
1383 3085 1460 3152 duci

282 3205 299 3258 5
319 3193 446 3278 iubeas,
469 3193 528 3258 ubi
551 3191 676 3258 Caesar
698 3191 792 3258 ost?“
817 3192 879 3276 Sic,
903 3193 957 3258 oui
978 3198 1113 3258 tantum
1133 3194 1309 3280 potentiae
1333 3201 1395 3280 est,
1424 3201 1500 3264 utra

316 3303 400 3367 iram
423 3325 464 3368 ex
487 3301 659 3388 superiore
681 3301 757 3366 loeo
787 3297 928 3386 adgredi
955 3301 1079 3387 possit,
1111 3301 1200 3368 male
1226 3309 1367 3388 tractet,
1401 3302 1459 3388 [at]

315 3409 420 3476 talem
449 3409 626 3493 duntaxat,
661 3409 795 3494 qualem
821 3409 925 3475 modo
952 3409 1084 3494 rettuli,
1115 3409 1238 3496 feram,
1271 3411 1461 3497 immanem,

314 3637 543 3650 ψ-

317 3805 333 3859 5
351 3813 422 3877 aput
439 3803 461 3864 Α
573 3805 665 3860 cadat.
684 3790 770 3889 alieti
788 3805 923 3876 indignor
940 3804 974 3874 l;
993 3805 1079 3862 alteri
1096 3821 1152 3862 aaa
1167 3807 1249 3862 sara
1264 3803 1297 3876 L;
1315 3808 1371 3863 uid.
1383 3807 1460 3864 sau.

315 3963 375 4016 crit.
389 3977 419 4027 ρ.
437 3962 478 4014 35.
581 3959 598 4014 7
622 3969 687 4028 pou
706 3959 787 4016 istud
801 3977 896 4029 panta
912 3975 1014 4016 rasura
1033 3966 1074 4016 ert
1089 3959 1158 4017 iad
1262 3920 1371 4030 potiris
1389 3961 1410 4018 Α
1429 3962 1460 4031 (u

313 4047 378 4101 add.
395 4047 463 4113 sort.
481 4044 533 4113 ΑΙ)
635 4047 652 4100 9
677 4045 759 4102 uarie
777 4046 799 4103 Α
816 4054 848 4102 ut
869 4063 921 4117 aa,
949 4046 1020 4116 quod
1041 4045 1109 4100 miti
1130 4045 1236 4114 widun
1254 4061 1357 4114 parum
1373 4049 1459 4116 aioni·

250 4173 256 4188 .
315 4133 402 4199 ficana
419 4131 529 4187 aidemr
546 4147 595 4187 aec
612 4138 674 4200 apte
691 4149 752 4186 eum
768 4131 873 4187 blande
891 4132 1032 4200 eonium
1059 4148 1097 4187 aa
1118 4131 1201 4186 uafre
1219 4129 1340 4187 actitat?
1429 4215 1432 4222 Ι

315 4227 494 4338 adgredieris
511 4267 605 4335 Δ“··;
631 4267 808 4336 aagredieris
826 4267 859 4325 A*
975 4269 1006 4322 11
1032 4255 1137 4338 figi
1163 4253 1167 4262 ’
1248 4270 1359 4340 aputA

318 4357 350 4409 12
377 4353 578 4410 crustallinum
596 4353 617 4410 Α
636 4357 710 4421 (item
727 4353 830 4420 u.19);
857 4353 1060 4425 crystallinum
1078 4369 1136 4423 aya
1163 4371 1216 4408 uas
1242 4355 1371 4426 crystall.
1390 4355 1459 4410 coni.

321 4439 490 4508 Wesenberg.
596 4440 628 4494 13
643 4459 723 4496 mora
743 4439 775 4508 Ας
792 4447 885 4494 morta
903 4457 947 4508 aq.
1043 4441 1076 4495 17
1093 4439 1167 4494 aliut
1184 4439 1230 4508 Αἱ,
1249 4457 1318 4495 corr·
1335 4440 1372 4497 A·

314 4535 527 4644 23sicalixlti1s
545 4593 613 4632 corr·
630 4579 695 4644 sort
714 4576 749 4633 d¹
864 4579 898 4632 25
916 4576 972 4646 Sic,
991 4576 1038 4632 oui
1055 4577 1156 4646 seipsi
1173 4593 1206 4632 ex
1223 4593 1278 4632 aaa
1296 4575 1329 4646 D;
1347 4576 1420 4632 sioni
1439 4577 1460 4634 A

316 4661 439 4717 Ceterum
455 4663 488 4717 dr
506 4669 560 4718 toto
578 4664 633 4718 loco
650 4663 707 4718 uid.
727 4661 803 4718 Stud.
823 4665 881 4718 eut.
896 4679 925 4731 p.
944 4665 1000 4716 102
1017 4679 1055 4732 aq.
1193 4664 1227 4718 26
1253 4668 1285 4718 at
1306 4669 1375 4718 reete
1391 4663 1462 4719 delet

317 4747 481 4816 Granouas
501 4755 531 4804 at
549 4747 692 4803 duntaxat
708 4749 779 4803 idm
795 4749 866 4818 qaod
883 4749 988 4804 saltem
1006 4749 1148 4820 almificat.
1200 4749 1234 4804 27
1252 4747 1321 4804 dum
1338 4749 1461 4806 taxatA
