3182 5252
382 343 423 382 sn
446 343 605 384 nsvumvrs
630 341 668 381 nn
690 341 863 382 unuvrrsru
886 343 988 400 vrrsn,
1012 343 1063 382 xx.
1237 319 1301 383 339

146 508 217 572 tiae
242 529 355 588 senex,
379 507 446 591 qui,
470 513 549 591 post
568 527 693 571 annum
711 506 970 592 nonagesimum
993 510 1301 588 comessationem

144 615 397 702 procurationis
428 615 471 680 ab
496 615 531 680 Ο.
556 615 701 680 Caesare
731 614 820 680 ultro
850 616 1047 702 accepisset,
1082 618 1241 703 componi
1264 641 1300 683 se

145 725 181 788 in
210 725 302 790 lecto
332 731 366 788 et
393 725 490 789 uelut
518 724 707 789 exanimem
730 747 750 789 a
773 725 1012 790 circumstante
1034 721 1163 790 familia
1184 724 1302 812 plangi

146 833 263 917 iussit,
297 833 439 919 lugebat
468 832 587 898 domus
611 834 717 898 otium
733 819 868 899 'domini
891 834 980 899 senis
1003 856 1067 898 nec
1090 831 1202 898 finiuit
1224 841 1303 900 ante

121 941 335 1026 stristitiam,
370 963 470 1026 quam
503 941 602 1006 labor
632 941 684 1006 illi
718 961 797 1008 suus
830 942 1009 1007 restitutus
1044 949 1105 1007 est.
1161 941 1304 1007 Adeone

146 1051 245 1116 iuuat
269 1057 474 1137 occupatum
495 1051 604 1116 mori?
659 1049 756 1116 Idem
779 1049 950 1137 plerisque
974 1051 1103 1115 animus
1127 1057 1195 1116 est:
1231 1051 1340 1117 diu-4

146 1160 217 1224 tius
247 1158 417 1244 cupiditas
446 1158 513 1224 illis
539 1158 667 1224 laboris
696 1181 798 1244 quam
824 1157 971 1224 facultas
1000 1163 1065 1242 est;
1103 1183 1181 1224 cum
1209 1161 1304 1225 inbe-

148 1267 294 1332 cillitate
329 1268 480 1354 corporis
511 1273 677 1354 pugnant,
723 1273 937 1332 senectutem
969 1268 1079 1354 ipsam
1112 1268 1205 1333 nullo
1239 1265 1305 1334 alio

148 1377 291 1442 nomine
314 1398 455 1462 grauem
476 1377 639 1460 iudicant,
663 1399 765 1460 quam
787 1376 880 1461 qnod
900 1375 977 1442 illos
1001 1376 1146 1463 seponit.
1192 1375 1264 1442 Lex
1288 1401 1307 1442 a

111 1517 134 1552 ιο
148 1485 433 1570 quinquagesimo
457 1507 546 1551 anno
570 1485 712 1550 militem
733 1507 804 1550 non
826 1485 919 1570 legit,
943 1473 1191 1571 asexagesimo
1210 1509 1306 1554 sena-

148 1601 264 1659 torem
293 1616 362 1659 non
385 1593 483 1659 citat:
519 1593 691 1659 difficilius
714 1593 869 1658 homines
892 1618 912 1659 a
934 1617 970 1659 sc
984 1586 1101 1660 ¹otium
1122 1595 1309 1681 impetrent

149 1725 255 1787 quem
289 1725 309 1768 a
341 1702 428 1788 lege.
474 1703 625 1788 Interim,
661 1702 742 1767 dum
774 1703 953 1788 rapiuntur
981 1711 1016 1768 et
1045 1703 1192 1789 rapiunt,
1227 1705 1342 1769 dumb

150 1811 239 1877 alter
274 1811 413 1876 alterius
447 1807 595 1896 quietem
629 1811 771 1897 rumpit,
806 1805 888 1876 dum
920 1819 1036 1877 mutuo
1070 1811 1185 1877 miseri
1219 1819 1306 1896 sunt,

149 1920 224 1984 uita
260 1926 313 1984 eet
344 1919 417 1984 sinc
450 1917 574 2004 fructu,
614 1921 687 1985 sine
720 1919 907 2006 uoluptate,
941 1919 1014 1986 sine
1047 1919 1116 1986 ullo
1151 1919 1308 2007 profectu

112 2027 273 2097 usnimi:
319 2050 419 2095 nemo
459 2028 495 2094 in
534 2029 717 2115 conspicuo
756 2034 901 2094 mortem
940 2027 1060 2112 habet,
1104 2051 1205 2096 nemo
1239 2052 1308 2096 non

150 2137 274 2224 procul
307 2159 385 2224 spes
413 2136 574 2221 intendit,
611 2137 749 2222 quidam
776 2158 859 2202 uero
889 2136 1075 2224 disponunt
1103 2138 1206 2204 etiam
1233 2138 1306 2222 ille,

151 2269 243 2332 quae
284 2246 374 2311 ultra
411 2246 519 2310 uitem
552 2253 648 2330 sunt,
693 2268 834 2332 magnes
867 2245 975 2310 moles
1009 2245 1240 2332 sepulcrorum
1274 2253 1309 2313 et

153 2376 298 2442 operum
325 2354 539 2440 publicorum
567 2354 802 2421 dedicationes
831 2361 867 2419 et
895 2354 939 2420 ad
967 2375 1089 2440 rogum
1110 2378 1251 2421 munera
1274 2363 1309 2422 et

153 2463 356 2529 ambitiosas
397 2463 567 2549 exequias.
632 2463 681 2527 At
719 2486 773 2528 me
811 2462 969 2529 hercules
1002 2464 1146 2529 istorum
1178 2463 1308 2548 fimera,

153 2653 307 2662 ..———-—
310 2656 386 2661 ...—

153 2789 285 2842 queniyrw
305 2772 467 2841 Nipperdey
488 2771 606 2829 Senecae
631 2789 754 2828 socer-uni
778 2774 868 2840 fuisse
893 2775 1061 2842 suspicatio·
1105 2776 1309 2844 deputandum,

154 2857 229 2928 quud
254 2873 288 2910 ec
307 2857 444 2912 wannit
468 2859 578 2914 nbnsine
605 2860 716 2928 quibant
742 2858 885 2926 disserunt,
911 2867 944 2914 ut
967 2859 1038 2914 bunc
1061 2859 1160 2913 librum
1184 2875 1257 2912 anna
1274 2860 1310 2912 49

153 2943 335 3011 compositum
356 2959 415 2998 esse
437 2945 637 3010 confirmarent,
662 2960 777 3014 prasus
797 2945 878 3012 sutile
901 2953 954 3012 est;
982 2961 1030 2999 nec
1052 2945 1147 2998 aerim
1165 2952 1211 3012 est,
1239 2943 1311 3012 quod

154 3029 318 3098 Nipperdey
340 3044 401 3082 eunt
423 3029 498 3084 circa
520 3047 625 3086 annum
648 3033 685 3085 62
702 3033 835 3104 scriptum
852 3047 910 3086 esse
927 3030 1072 3085 contendit.
1118 3030 1189 3083 Ante
1206 3046 1310 3084 annum

153 3117 192 3170 49
218 3115 319 3168 librum
337 3115 469 3182 scriptum
486 3132 545 3170 esse
560 3124 630 3172 recte
648 3134 682 3171 es
699 3117 735 3172 iis
751 3117 932 3184 concluditur,
959 3133 1029 3184 quae
1047 3132 1106 3184 cap.
1126 3117 1166 3181 13,
1183 3117 1201 3170 8
1218 3116 1310 3184 leyun-

156 3210 216 3268 tur,·
244 3201 281 3254 ad
298 3201 381 3254 initia
399 3203 575 3269 imperatoris
593 3201 704 3258 OEaudii
720 3203 893 3270 referendum
909 3219 966 3256 esse
985 3218 1018 3256 er
1035 3203 1072 3255 iis
1090 3199 1213 3256 conclbdi
1229 3217 1311 3269 posse

155 3287 246 3354 credo,
274 3302 343 3354 yteae
361 3283 465 3341 Seneca
482 3303 542 3354 cap.
561 3285 601 3355 13,
620 3292 646 3344 1.
663 3291 688 3343 6.
707 3292 724 3344 6
750 3290 783 3344 de
800 3289 945 3344 ductuum.
956 3287 1129 3356 ammodum
1146 3286 1311 3356 memnoni·

155 3375 208 3428 bus
225 3378 335 3438 narrat,
353 3388 423 3439 quas
440 3375 471 3426 in
489 3371 602 3427 OEaudii
618 3381 644 3428 et
661 3375 832 3430 Messalinae
847 3373 975 3428 moreni
992 3372 1137 3427 institutas
1153 3389 1211 3428 esse
1224 3379 1310 3440 puta·

154 3458 244 3512 uerim
271 3455 334 3522 (cfr.
352 3457 434 3511 enam
457 3457 513 3514 Dio
533 3457 607 3514 (lass.
626 3463 669 3526 60,
693 3459 730 3526 7),
757 3461 900 3528 eodemque
921 3466 1032 3528 spectat,
1059 3459 1130 3527 quod
1152 3475 1212 3524 cap.
1231 3460 1272 3524 18,
1293 3461 1312 3511 5

156 3544 281 3613 lecimus.
300 3571 332 3582 -
435 3546 453 3597 2
480 3544 523 3599 .G‚
548 3546 705 3601 cassaret
808 3547 825 3600 9
851 3544 1204 3615 Lexlsquinqusffgesimc
1227 3546 1310 3608 (eras

156 3631 215 3684 uid.
234 3629 266 3696 n)
284 3627 306 3684 Α
411 3630 442 3682 10
466 3629 539 3698 legit
556 3629 746 3699 Bcnyarsius3
772 3630 848 3701 tegit
864 3631 906 3690 ΑΙ,
930 3632 975 3686 cui
992 3631 1023 3684 in
1039 3647 1091 3699 any.
1110 3629 1212 3698 1·μο
1228 3633 1311 3685 uana

157 3716 300 3782 scriptura
324 3715 375 3769 bac
400 3715 565 3783 adscripsit:
593 3715 634 3770 sl.
662 3716 742 3786 cogit
846 3718 879 3770 14
905 3717 968 3771 nita
994 3720 1010 3770 ὅ
1036 3718 1066 3769 in
1092 3731 1147 3770 ros.
1176 3715 1208 3772 l¹

159 3803 193 3856 16
211 3800 292 3868 ebsm
310 3801 356 3867 n⁶3
375 3801 400 3855 br
418 3800 477 3855 ism
494 3800 527 3857 Α1
633 3803 664 3855 11
689 3804 863 3872 sepulgrortt
881 3803 922 3870 ΑΙ,
940 3817 1010 3856 carr.
1029 3801 1062 3857 l·
1167 3802 1200 3855 18
1217 3801 1311 3870 pupli-

159 3885 271 3942 cortiA
375 3888 407 3941 19
433 3894 466 3942 at
481 3889 513 3942 in
529 3905 584 3942 ras.
603 3886 650 3956 ll⁵3
677 3887 713 3942 sd
733 3887 772 3944 lt
792 3917 824 3926 -
865 3887 1036 3956 Subscriptio
1053 3889 1138 3941 minio
1152 3889 1229 3956 picta
1247 3888 1312 3941 baec

158 3981 211 4029 est:
230 3973 263 4026 L.
282 3975 316 4026 A.
335 3972 445 4044 Senecp
463 3972 510 4027 Ad
528 3972 653 4028 Paulintl
672 3975 716 4029 De
734 3975 882 4030 breuitate
901 3973 962 4045 uite
981 3972 1103 4042 explicit
1125 3975 1190 4038 ᾺΛΙ
1232 3972 1266 4027 In
1286 3972 1312 4026 ci

158 4058 204 4129 pit
224 4057 279 4128 ΙΗΙ
295 4057 385 4128 111111
404 4061 515 4125 (nomen
532 4075 642 4113 erasum
660 4059 712 4124 est)
731 4060 766 4114 de
786 4060 985 4115 consolatione
996 4101 1096 4114 ......
1134 4059 1244 4114 Folium
1261 4059 1313 4112 tur

158 4154 185 4200 et
206 4145 325 4200 dimidia
342 4145 453 4215 yaytna
473 4147 523 4212 sal.
543 4146 576 4198 77
585 4144 600 4182 l'
612 4152 762 4200 extrenum
779 4147 975 4200 emulationis
993 4145 1030 4199 ael
1049 4146 1190 4214 Polybium
1205 4151 1313 4211 partem

159 4232 224 4286 inde
248 4249 266 4284 a
287 4231 378 4285 uerbis
400 4247 459 4298 cap.
478 4231 519 4296 17,
537 4235 558 4284 2
581 4247 687 4299 magna
705 4231 874 4287 discrimina
898 4231 1044 4297 continent,
1070 4231 1120 4284 sed
1136 4231 1202 4284 baec
1219 4230 1312 4284 omnia

158 4320 201 4372 ita
228 4333 309 4370 erasa
336 4323 408 4384 sunl,
434 4323 466 4370 ut
491 4331 598 4370 sumum
623 4317 790 4382 diffiniente
813 4319 938 4386 leyaatur
961 4323 987 4371 et
1008 4315 1095 4369 multa
1118 4314 1221 4382 dispici
1242 4321 1312 4368 certo

159 4409 302 4470 neyreeant.
348 4403 418 4456 Ante
440 4403 490 4458 bac
511 4403 610 4467 folium
630 4404 716 4471 plura
741 4405 844 4458 auulsa
867 4409 938 4469 eunt,
966 4419 1035 4470 quae
1055 4399 1314 4468 reliquampartem

160 4490 357 4543 cunctationis
374 4489 412 4543 ad
429 4489 574 4557 Polybium
592 4489 792 4556 eminuerunt,
811 4506 881 4558 quae
899 4489 1005 4556 quidem
1022 4493 1136 4541 sauata
1154 4493 1226 4553 erat,·
1249 4502 1313 4540 nam

160 4575 271 4629 initium
292 4572 375 4627 buius
398 4574 483 4628 libelli
505 4577 562 4629 iam
586 4591 604 4628 a
626 4575 715 4628 cedia
733 4574 753 4631 Α
772 4583 798 4630 et
820 4575 854 4630 ab
879 4575 998 4628 munium
1019 4579 1173 4627 nostrorum
1191 4571 1313 4628 codicum

1056 4662 1108 4720 22*
