3176 5248
699 1191 731 1262 L.
756 1190 917 1263 ΑΝΝΑΕΙ
940 1190 1122 1264 SENECAE

488 1349 953 1434 DIALOGORVM
989 1351 1198 1432 LIBER
1231 1351 1330 1432 VII.

758 1551 812 1604 AD
832 1549 1061 1606 GALLIONEM

779 1670 818 1724 ΒΕ
836 1669 911 1725 vm
930 1670 1044 1725 ΒΕΑῘΑ.

304 1979 319 2030 1
423 1963 449 2028 Ι.
490 1917 661 2046 Viuere,
685 1961 796 2027 Gauio
818 1961 934 2044 freter,
957 1985 1073 2027 omnes
1090 1963 1192 2026 beate
1209 1961 1339 2048 uolunt,
1363 1962 1421 2026 sed
1437 1961 1477 2025 ed

334 2075 590 2162 peruidendum,
613 2074 695 2159 quid
712 2075 757 2139 sit
779 2074 871 2159 quod
888 2075 1024 2140 beatem
1041 2075 1147 2140 uitem
1166 2072 1301 2159 efficiet,
1321 2075 1476 2160 cnlignut;

336 2184 489 2269 adeoque
512 2205 581 2249 non
604 2190 657 2248 est
678 2182 778 2248 facile
802 2183 965 2268 consequi
986 2183 1123 2247 beatem
1139 2183 1254 2266 uitem,
1277 2191 1372 2248 uteo
1394 2183 1477 2268 quis-

336 2316 401 2378 que
425 2293 467 2357 ab
492 2315 533 2357 ee
553 2293 688 2378 longius
711 2291 859 2371 recedat,
882 2312 949 2376 quo
973 2290 1017 2356 ed
1035 2290 1127 2356 illem
1148 2292 1350 2356 concitatius
1368 2290 1477 2371 fertur,

336 2401 443 2466 sinin
465 2401 580 2487 lapsus
604 2407 671 2466 est:
695 2423 782 2486 quae
805 2400 863 2464 ubi
885 2400 921 2464 in
944 2400 1149 2465 contrarium
1172 2399 1276 2484 ducit⁷
1298 2400 1374 2486 ipse
1391 2400 1501 2466 uelo-⁶

337 2510 422 2574 cites
444 2509 580 2574 maioris
603 2508 773 2574 interualli
795 2529 898 2574 cause
919 2507 967 2573 fit.
1012 2507 1277 2594 Proponendum
1300 2515 1353 2574 cst
1370 2509 1478 2592 iteque
1572 2513 1573 2575 i

336 2618 490 2704 primum,
513 2617 596 2703 quid
618 2616 663 2682 sit
685 2616 777 2703 quod
794 2617 1009 2703 adpetamus;
1032 2623 1114 2681 tunc
1135 2617 1478 2704 circumspiciendum,

337 2749 404 2812 que
426 2727 633 2792 contendere
656 2725 714 2791 illo
738 2725 912 2791 celerrime
935 2726 1113 2812 possimus,
1135 2725 1342 2791 intellecturi
1358 2726 1478 2812 inipso

336 2835 473 2921 itinere,
502 2835 531 2898 si
553 2834 655 2900 modo
677 2843 808 2900 rectum
832 2835 910 2919 erit,
939 2841 1103 2920 quantum
1131 2834 1258 2900 cotidie
1286 2834 1480 2920 profligetur

336 2951 530 3029 quantoque
559 2944 697 3029 propius
728 2943 770 3008 eb
800 2965 841 3008 eo
872 2944 985 3026 simus,
1019 2943 1062 3007 ad
1096 2943 1187 3028 quod
1219 2965 1282 3008 nos
1317 2943 1478 3030 cupiditas
1491 2973 1511 3008 ιο

300 3052 497 3118 Enaturelis
520 3051 663 3138 inpellit.
709 3051 819 3128 Quem
842 3051 899 3116 diu
922 3051 1058 3136 quidem
1081 3051 1208 3137 passim
1230 3073 1395 3137 uagemnr
1416 3075 1478 3117 non

334 3161 456 3225 ducem
489 3161 597 3225 secuti
636 3159 698 3224 sed
736 3157 907 3224 fremitum
947 3167 982 3223 et
1021 3159 1203 3225 clamorem
1243 3159 1418 3226 dissonum
1449 3161 1479 3224 in

334 3269 469 3334 diuersa
490 3269 701 3352 uocantium,
738 3274 933 3333 conteretur
959 3269 1032 3333 uite
1060 3269 1149 3331 inter
1179 3289 1326 3352 errores,
1360 3268 1478 3350 breuis,

334 3378 483 3442 etiamsi
501 3376 573 3440 dies
591 3383 778 3461 noctesque
795 3377 906 3442 bonae
925 3377 1032 3441 menti
1049 3375 1259 3460 laboremus3
1283 3375 1480 3442 decernetur

332 3485 466 3570 itaque,
499 3491 534 3549 et
556 3507 623 3569 quo
647 3485 825 3549 tendamus
849 3492 884 3549 et
907 3507 987 3570 que,
1020 3506 1090 3550 non
1118 3485 1191 3549 sine
1220 3485 1330 3570 perito
1361 3487 1478 3571 edique,
1491 3515 1510 3550 u

334 3593 389 3657 cui
412 3592 587 3678 explorata
604 3593 672 3657 sint
689 3616 738 3678 ea,
760 3593 797 3657 in
815 3617 900 3679 quee
918 3593 1144 3680 procedimue,
1169 3593 1329 3678 quoniam
1349 3595 1479 3679 quidem

333 3723 403 3766 non
426 3701 546 3766 eedem
574 3699 630 3764 hic
658 3723 745 3785 quae
768 3700 803 3765 in
826 3703 949 3766 ceteris
972 3701 1304 3788 peregrinationibus
1328 3702 1478 3768 condicio

334 3817 403 3876 est:
426 3810 462 3874 in
484 3807 549 3874 illis
573 3830 781 3895 conprensus
804 3809 926 3896 aliquis
950 3810 1046 3876 limes
1070 3817 1105 3875 et
1126 3811 1331 3896 interrogati
1352 3810 1479 3877 incolae

418 4023 436 4074 2
461 4019 572 4076 efficiet
593 4037 651 4088 u9.;
679 4019 793 4076 efficia*
819 4021 901 4088 (erce.
920 4021 964 4086 nt)
983 4019 1017 4088 t;
1043 4021 1145 4076 ediscet
1171 4027 1306 4076 corrector
1323 4020 1387 4088 (Μ)
1406 4029 1480 4090 tprc

333 4107 474 4161 crucient
492 4105 769 4160 eorumeorurn
786 4113 832 4160 est.
902 4106 1107 4176 Eeppetumus
1126 4105 1162 4162 Μ
1225 4105 1433 4176 9profligetnr
1450 4107 1479 4167 A:

334 4191 519 4262 proficiemus
545 4205 627 4246 noun.
656 4187 677 4247 D
707 4199 733 4245 et
759 4192 818 4245 edd.
846 4194 975 4260 annonae
998 4209 1032 4245 ec
1054 4193 1273 4260 interpolatione,
1301 4193 1351 4248 sed
1372 4194 1480 4250 rectiore

332 4280 413 4333 uerbo
431 4278 498 4344 (uid.
520 4276 588 4332 Geel.
606 4277 684 4332 Noct.
705 4277 760 4332 Ait.
778 4276 843 4345 XV,
860 4277 903 4344 5);
921 4276 1092 4346 proficiatur
1108 4293 1161 4346 my.
1180 4279 1241 4332 edit.
1261 4275 1358 4346 Juyee.
1376 4295 1411 4332 ex
1427 4279 1479 4332 cod.

255 4371 261 4388 ·
336 4361 477 4432 Scaliperi.
565 4363 596 4416 10
623 4368 785 4432 quent0q5*
811 4363 893 4429 (cras.
913 4364 960 4430 ue)
979 4363 1015 4420 m
1095 4364 1213 4433 propius
1231 4361 1282 4430 A‘,
1300 4375 1429 4436 proppus
1447 4363 1476 4420 A¹

404 4451 438 4504 12
455 4467 486 4503 se
505 4447 566 4502 cuti
585 4457 632 4513 (cu
648 4449 678 4502 in
696 4464 752 4502 ras.
770 4449 817 4502 sed
834 4464 866 4501 m.
887 4449 910 4514 1,
928 4455 960 4502 ut
976 4448 1086 4514 uictu
1173 4450 1205 4503 14
1223 4455 1377 4518 noctesqpr
1404 4449 1479 4518 (erce

334 4534 384 4600 ue)
402 4533 437 4590 t*
499 4534 530 4586 15
547 4541 610 4600 post
626 4533 723 4600 aliquo
741 4535 784 4588 nil
799 4534 856 4588 nisi
869 4541 1002 4602 punctim
1020 4551 1128 4590 erocum
1146 4541 1200 4604 ουκ
1218 4536 1352 4590 mnudi
1370 4553 1480 4590 rancor

334 4623 364 4674 in
381 4619 430 4674 hoc
447 4619 552 4688 quidem
570 4619 638 4673 libro
655 4634 712 4673 uon
729 4621 849 4687 amplius
867 4623 1083 4676 commemorabo-
1188 4621 1222 4674 18
1239 4637 1420 4689 conprensus
1435 4623 1494 4685 A¹;·
1570 4633 1571 4671 t

336 4721 508 4776 conpressus
527 4702 562 4759 A⁵
580 4719 708 4772 perterre
731 4706 809 4771 (nom
826 4705 909 4760 limes
928 4723 941 4759 e
960 4706 1069 4774 reyione
1082 4709 1199 4774 ponitur
1216 4705 1281 4760 uice
1300 4707 1479 4774 tritissimis,
