3182 5252
300 430 342 472 ao
365 429 508 470 emunvn
530 427 570 469 nr
593 428 983 489 caenomanensium,
1010 431 1157 471 vrri-m.
1240 407 1304 472 285

144 592 343 659 remedium
364 593 409 658 sit
431 599 467 659 et
487 593 598 679 possit
619 593 695 680 ipsa
716 598 899 680 paupertas
920 593 957 660 in
980 592 1117 660 diuitias
1140 617 1175 660 se
1199 594 1304 662 aduo-

144 709 234 767 cata
253 699 451 788 frugalitate
474 709 684 768 conuertere.
718 702 970 769 Adsuescamus
983 702 1112 768 anobis
1127 723 1303 770 remouere
1321 723 1339 776 2

142 831 314 896 pompam
349 817 383 874 et
415 833 497 876 usus
530 833 657 896 rerum,
690 833 761 878 non
794 818 1002 894 ornamenta,
1035 813 1163 896 metiri3
1208 813 1304 878 cibus

143 916 278 984 famem
302 918 428 1003 domet,
461 920 558 1005 potio
586 919 685 1005 sitim,
719 920 825 986 libido
855 943 922 1004 qua
948 941 1091 986 necesse
1125 927 1177 986 est
1203 920 1302 1005 fluat;

113 1025 325 1094 cdisoamus
358 1027 519 1093 membris
552 1029 678 1094 nostris
706 1029 816 1114 inniti,
851 1029 979 1094 cultum
1010 1030 1207 1114 uictumque
1234 1051 1304 1096 nou

147 1135 198 1200 ad
220 1155 311 1200 noua
334 1135 488 1222 exempla
510 1158 724 1222 componere,
757 1137 819 1204 sed
846 1143 885 1202 ut
906 1138 1072 1204 maiorum
1092 1160 1205 1204 mores
1228 1159 1303 1204 sua-

147 1243 253 1328 dent;
288 1243 456 1310 discamus
491 1245 736 1312 continentiam
770 1267 904 1333 augere,
938 1245 1105 1312 luxuriam
1138 1257 1303 1330 coercere,

146 1351 300 1438 gloriam
320 1359 522 1439 temperare,
552 1353 764 1420 uacundiam
783 1354 899 1438 lenire,
927 1362 1164 1442 paupertatem
1188 1353 1304 1440 aequis

148 1460 262 1526 oculis
276 1461 439 1547 aspicere,
450 1460 685 1548 frugalitatem
698 1462 820 1548 colere,
834 1463 936 1528 etiam
947 1464 976 1528 si
986 1485 1073 1530 numo
1083 1463 1187 1530 cultu
1197 1463 1304 1550 pude-

99 1600 131 1637 ιο
147 1569 207 1634 bit
219 1569 291 1635 eius
307 1570 474 1656 populum,
495 1571 672 1636 desideriis
684 1570 895 1637 naturalibus
906 1593 1014 1657 paruo
1023 1579 1144 1658 parata
1154 1571 1305 1636 remedia

153 1677 330 1760 adhibere,
354 1701 432 1766 spes
455 1679 640 1745 effrenatas
664 1685 699 1744 et
722 1680 870 1745 animum
890 1679 927 1744 in
942 1679 1058 1745 firtura
1076 1681 1305 1745 imminentem

148 1786 249 1852 uelut
278 1787 341 1851 sub
370 1788 516 1853 uinculis
545 1788 683 1873 habere,
717 1788 753 1853 id
783 1809 894 1874 agere,
928 1796 967 1852 ut
994 1787 1130 1853 diuitiae
1158 1809 1179 1852 a
1205 1787 1305 1853 nobis

148 1895 268 1982 potius
286 1917 386 1981 quam
405 1918 425 1961 a
441 1894 580 1962 fortuna
597 1904 762 1983 petamus.
806 1897 839 1962 N
840 1918 885 1963 on
900 1903 1015 1982 potest
1031 1917 1191 1981 umquam
1207 1901 1305 1961 tanta
1322 1913 1340 1968 3

148 2003 300 2068 uarietas
320 2010 354 2068 et
370 2004 532 2090 iniquitas
551 2027 690 2071 casuum
706 2005 757 2070 ita
774 2004 908 2092 depelli,
935 2010 1057 2070 utnon
1073 2005 1216 2070 multum
1226 2025 1304 2091 pro·

104 2141 135 2179 re
151 2111 318 2178 cellarum
338 2111 453 2178 inruat
474 2135 598 2198 magna
621 2120 829 2179 armamenta
849 2112 1095 2199 pandentibus;
1130 2113 1306 2200 cogendae
1383 2123 1386 2128 '

149 2220 190 2286 in
223 2227 334 2286 artum
365 2241 421 2286 res
454 2229 548 2304 sunt,
587 2229 626 2287 ut
664 2221 734 2286 tela
765 2221 802 2285 in
833 2243 958 2286 uanum
992 2221 1125 2306 cadant,
1158 2221 1305 2306 ideoque

152 2327 258 2393 exilia
278 2327 417 2393 interim
440 2329 718 2414 calamitatesque
740 2329 777 2394 in
798 2328 985 2394 remedium
1008 2351 1142 2394 cessere
1165 2337 1200 2394 et
1221 2329 1305 2395 leui-

150 2435 269 2502 oribus
291 2436 516 2524 incommodis
539 2438 698 2523 grauiora
720 2445 840 2503 sanata
857 2444 944 2504 sunt.
978 2437 1049 2505 Ubi
1069 2459 1189 2525 pamm
1211 2437 1307 2504 audit

149 2551 340 2632 praecepta
368 2545 499 2610 animus
527 2568 592 2612 nec
622 2547 732 2612 curari
760 2546 894 2612 mollius
924 2551 1050 2632 potest,
1084 2547 1203 2632 quidni
1225 2569 1305 2613 con·

155 2719 384 2730 —..-——

148 2806 184 2857 in
204 2802 254 2856 tce
272 2801 387 2871 pcytnn,
415 2817 520 2869 semper
540 2801 599 2867 sere
622 2817 680 2856 cum
708 2817 813 2856 mmmc
829 2803 891 2868 fide,
919 2820 1001 2872 quare
1018 2804 1083 2858 toec
1100 2817 1308 2858 commacerare

147 2889 310 2956 plerumque
327 2887 495 2956 supersedeo.
591 2887 809 2958 ecoponerat
901 2888 1021 2956 agiam
1039 2888 1133 2955 (solito
1150 2888 1307 2956 cornpmdio

142 2989 205 3043 pro
230 2972 365 3042 gloriam)
392 2972 422 3038 A,
449 2973 520 3041 quod
544 2980 613 3028 recte
635 2974 725 3040 tuter,
752 2973 830 3027 modo
855 2972 1074 3042 gloriamini,
1101 2979 1133 3027 at
1153 2989 1210 3026 riou
1233 2988 1305 3038 roro,

148 3058 259 3126 ctoriae
282 3058 437 3126 cupidinea
462 3059 553 3126 (epist.
571 3060 614 3124 94,
639 3057 685 3126 dd)
711 3060 757 3113 uel
772 3057 898 3114 iactandi
915 3075 943 3112 re
962 3065 987 3112 et
1004 3057 1160 3113 oatmtcndi
1178 3057 1305 3120 studium.

152 3145 227 3212 qaod
242 3145 346 3200 scilicet
361 3147 492 3212 imperaris
510 3151 625 3210 mactat,
644 3145 801 3213 odorificum
818 3143 1022 3210 tricliarum
1049 3144 1148 3212 gulam
1165 3161 1218 3212 aa,
1236 3143 1307 3212 qaod

151 3245 209 3284 mou
225 3237 295 3284 recte
309 3230 409 3296 praem
429 3227 549 3284 Gaudia
637 3229 819 3284 iracundiam
837 3228 929 3284 lenire
948 3230 982 3283 ad
998 3229 1048 3283 too
1065 3229 1122 3284 loco
1140 3229 1232 3284 altem
1248 3243 1307 3283 esee

152 3309 283 3370 iudicarat
304 3313 417 3370 Germia
446 3322 471 3370 et
495 3313 668 3383 Wesenber95
696 3316 744 3370 aed
769 3315 827 3369 uid.
851 3315 895 3370 re.
919 3315 952 3370 de
978 3313 1023 3368 ira
1049 3313 1106 3382 ΠΙ,
1133 3317 1158 3377 5,
1177 3316 1202 3369 4.

153 3451 171 3505 9
188 3449 278 3506 aium
294 3451 319 3506 e
333 3439 370 3506 {0
388 3451 485 3506 antus
500 3451 623 3522 pudebit
638 3451 666 3522 a·
682 3453 784 3522 poplo,
802 3451 954 3507 desideras
969 3451 1080 3520 saepe
1098 3450 1158 3506 ecia
1171 3449 1196 3505 a
1210 3423 1304 3506 murts

153 3536 276 3606 pudebit
293 3535 320 3607 ej
339 3537 405 3607 plue
423 3537 584 3593 desideriis
600 3537 622 3594 l
638 3538 675 3605 (si
692 3545 718 3592 et
733 3539 825 3606 princ
842 3538 948 3592 litterae
965 3556 994 3590 m
1012 3537 1112 3592 lineola
1129 3537 1160 3590 io
1176 3553 1233 3592 ros.
1243 3554 1304 3592 om.

152 3623 290 3690 Imaid.,·
304 3630 371 3690 poet
384 3623 446 3678 mul
458 3639 545 3691 aspro
555 3639 664 3678 amram
673 3623 812 3690 adscripto
821 3623 1024 3690 aliquantium,
1043 3625 1141 3692 toutl,
1160 3630 1304 3690 maecum

152 3707 276 3777 pudebit
293 3705 320 3776 ej
338 3709 405 3778 plus
422 3709 486 3764 desi
503 3711 620 3763 nouauit
634 3708 698 3776 A⁸);
718 3708 832 3764 etiamsi
849 3709 957 3762 multos
975 3707 1097 3778 pudebit
1114 3709 1217 3778 templi
1234 3709 1303 3775 eins,

151 3793 305 3848 desideriis
333 3794 463 3863 Maduiffl
500 3793 616 3850 etiamsi
642 3794 750 3850 multos
777 3793 899 3863 pudebit
925 3793 988 3848 eius
1015 3794 1125 3862 cultus,
1152 3793 1304 3850 desideriis

150 3876 238 3944 Koct,
261 3893 296 3932 m
312 3881 430 3934 oboram
448 3887 563 3934 coactas
582 3894 781 3935 commemorem
799 3878 918 3940 (multos
933 3895 1033 3947 porum
1051 3895 1108 3934 esre
1125 3885 1257 3948 cuperem
1274 3881 1305 3932 ἐπ

150 3963 218 4034 plus
235 3981 327 4020 uocem
344 3965 445 4036 populi
462 3967 546 4020 tatere
564 3968 621 4020 ium
630 3965 784 4020 Piscium
800 3963 935 4033 aiderctl;
954 3965 987 4020 de
1004 3981 1081 4020 nunc
1100 3966 1151 4031 cfr·
1169 3982 1196 4020 a.
1214 3967 1251 4033 6).

152 4051 184 4104 11
212 4049 412 4107 imminentem
431 4051 563 4119 Modai93
593 4050 739 4108 eminente
756 4050 778 4106 Α
805 4050 847 4117 (te
865 4050 1078 4119 redinteorotam
1096 4057 1143 4119 est,
1170 4052 1219 4105 sed
1234 4052 1306 4107 uitii

146 4142 213 4204 post
229 4136 281 4191 tus
299 4137 405 4191 litterar
423 4135 544 4202 mosum)
598 4136 632 4191 13
648 4134 829 4206 umquamd;
848 4135 1019 4205 inquamuq.
1074 4137 1106 4190 17
1122 4136 1210 4190 exilia
1224 4139 1306 4191 multi

150 4217 172 4277 D
191 4227 218 4276 et
234 4238 293 4291 uqa
311 4221 401 4278 axilla
417 4222 439 4278 Α
499 4220 618 4276 interim
636 4223 690 4276 dac
709 4218 731 4278 D
749 4229 776 4276 et
791 4221 920 4290 Lirem
938 4220 1014 4276 itera
1031 4218 1067 4290 Α;
1085 4220 1231 4276 interdum
1249 4223 1303 4276 duo

150 4302 172 4362 D
191 4313 217 4360 et
234 4307 293 4362 edd.
312 4307 412 4376 antiqq.
492 4306 734 4376 calamitatesque
752 4323 810 4376 uoq
833 4307 1016 4362 calamitates
1035 4323 1090 4378 que
1109 4304 1130 4361 l
1210 4307 1243 4361 18
1259 4307 1302 4362 in-

151 4391 320 4448 comodisl
398 4398 502 4448 sanata
520 4397 597 4448 sunt.
634 4391 843 4462 Ubi..potast,
862 4391 963 4462 quidni
979 4392 1154 4460 iaterpurm't
1171 4392 1302 4462 Modui93

150 4483 255 4532 mnata
278 4484 359 4545 sunt,
391 4478 591 4548 nbi..potest.
638 4477 747 4543 Quidni
769 4494 828 4546 aa„
854 4479 885 4531 r'rr
907 4493 961 4546 quo
983 4479 1124 4546 scripturo
1147 4481 1303 4546 prommtic

149 4561 233 4617 audit
256 4569 281 4618 et
303 4568 402 4633 potest
421 4571 486 4631 poet
507 4563 695 4619 antecedentia
718 4564 841 4631 perfecto
863 4570 959 4618 conec
976 4578 1078 4616 omrem
1096 4566 1228 4618 semeonis
1245 4580 1303 4618 eerr-

148 4649 302 4718 anamma
319 4647 451 4704 rationem
467 4655 616 4718 porcum.
661 4649 695 4702 19
711 4664 766 4716 sqq.
777 4647 878 4717 quidni
896 4649 1081 4703 consulatur.
1092 4690 1098 4702 .
1109 4689 1115 4703 .
1125 4647 1302 4704 adhibetur?

148 4735 227 4789 malo
251 4735 382 4803 Modicia,
410 4735 454 4790 coi
471 4749 576 4802 parma
599 4741 669 4790 recte
694 4749 741 4802 eoo
766 4731 844 4788 seed.
868 4735 927 4788 crit.
948 4751 977 4803 p.
1002 4736 1059 4788 142
1080 4733 1220 4789 micturus
1241 4750 1302 4789 sum
