3222 5246
576 415 617 454 aa
639 416 692 457 um
713 417 775 458 aaa.
798 419 831 476 1.,
853 385 944 459 i-uss
1294 395 1337 460 53

180 575 219 638 in
238 596 339 639 cruce
357 575 509 642 membra
526 577 723 648 distendere.
758 582 805 646 Et
821 581 930 648 adhuc
948 585 1157 670 singulorum
1169 583 1370 670 suppliciis

180 705 299 748 narro:
335 684 432 769 quid,
467 686 495 751 si
522 689 587 752 tibi
613 687 767 774 libuerit,
800 691 926 757 relictis
953 694 990 757 in
1018 715 1102 778 quos
1130 694 1181 759 ira
1208 694 1336 760 uiritim

181 791 324 876 exarsit,
360 794 511 880 aspicere
545 819 663 863 caeses
696 800 810 886 gladio
840 801 1017 867 contiones
1046 809 1081 867 et
1107 802 1244 888 plebem
1272 803 1334 868 im-

181 902 286 967 misso
319 901 427 968 milite
461 907 731 974 contrucidatam
763 915 798 974 et
829 911 866 974 in
895 911 1080 996 perniciem
1108 912 1335 998 promiscuam

151 1017 274 1076 etotos
296 1011 444 1098 populos
468 1013 589 1100 cepitis
613 1015 785 1104 damnatos
808 1065 888 1103 „ff
1310 1039 1312 1043 ’

268 1120 340 1186 113³·
383 1169 402 1205 „
415 1167 433 1204 „
445 1169 464 1205 „
484 1121 492 1206 ss
508 1129 681 1209 tamquam
704 1134 763 1191 aut
785 1149 900 1193 curam
921 1135 1073 1194 nostram
1096 1129 1332 1194 deserentibus
1349 1138 1399 1195 fol.
1419 1139 1479 1196 lav

183 1236 242 1294 aut
280 1232 521 1298 auctontatem
559 1235 863 1301 contemnentibus.
931 1237 1043 1314 Quid?
1087 1236 1369 1322 gladiatoribust

184 1471 197 1523 l
215 1468 247 1524 in
265 1487 353 1526 crece
371 1475 501 1528 membra
519 1474 685 1530 distendere
702 1475 819 1544 Lipsiae
837 1475 875 1543 (et
892 1475 1059 1532 distendere
1077 1479 1164 1532 estin
1181 1434 1264 1531 nona.
1284 1474 1334 1544 D);

181 1559 192 1608 t
218 1575 322 1612 cmces
349 1559 433 1614 mbra
459 1559 612 1616 diffindere
639 1577 667 1628 ¹3
694 1561 724 1616 in
742 1579 843 1617 cruces
862 1561 945 1616 mbra
963 1561 1105 1617 diflitdere
1124 1559 1156 1630 [ις
1184 1578 1222 1616 aa
1236 1563 1332 1632 poetae

182 1644 368 1698 scamnum:
395 1645 473 1708 inter
499 1665 602 1701 currus
628 1648 759 1704 membra
776 1646 931 1702 diffindere
958 1647 1001 1714 (cl.
1020 1646 1082 1704 Sen.
1100 1650 1177 1716 epist.
1198 1650 1240 1715 tt,
1266 1651 1284 1702 t
1309 1655 1335 1702 et

866 1733 873 1771 i

180 1779 333 1850 Scatrae.
352 1782 619 1851 Htaedrae1224)?
722 1784 796 1854 eqd
813 1783 839 1839 si
856 1783 880 1839 ti
898 1799 925 1852 e;
949 1784 1026 1854 quid,
1050 1784 1105 1840 tibi
1124 1785 1148 1840 si
1167 1801 1249 1840 aona
1269 1783 1290 1842 D
1308 1792 1335 1840 et

180 1867 261 1921 malti
279 1867 339 1922 edd.
352 1884 453 1936 praue.
557 1870 668 1926 uiritim
695 1867 818 1927 nonnil
845 1877 871 1926 et
895 1887 956 1940 apa
985 1870 1061 1926 uiriu
1088 1887 1103 1924 ι
1206 1871 1224 1924 3
1250 1889 1334 1926 casas

180 1951 280 2022 gladio
298 1953 447 2009 teionese
550 1956 684 2010 imissoe
787 1958 805 2010 ὅ
831 1957 982 2012 damnatos
1002 1957 1132 2026 Mennim
1160 1957 1286 2027 dampna
1303 1973 1333 2026 ⁸3

180 2039 258 2094 dana
276 2036 301 2096 L.
341 2040 378 2094 In
395 2041 445 2096 liae
462 2041 553 2110 aerbo,
573 2043 645 2110 quoa
661 2043 786 2097 nltimam
803 2043 993 2110 fot.12r-eee,
1011 2058 1026 2094 ι
1044 2043 1158 2111 desinit5
1178 2059 1196 2096 a
1213 2045 1336 2111 eeptmti

180 2131 331 2195 tamquam
350 2124 371 2182 Α
389 2143 488 2182 nicaea
511 2128 615 2196 incipit.
654 2128 779 2196 Leaena,
807 2145 888 2198 qnam
912 2129 995 2185 etiam
1016 2131 1098 2185 ceteri
1119 2129 1223 2184 codices
1242 2145 1334 2183 omnes

179 2210 226 2265 liic
241 2211 349 2278 tabem,
367 2214 397 2268 ia
413 2215 490 2268 nulla
507 2216 598 2270 coelice
614 2216 727 2285 eipnata
744 2222 798 2284 een
828 2215 954 2270 Muretus
968 2218 1079 2283 primae
1095 2215 1230 2270 intellexit
1246 2216 1333 2270 multa

179 2297 226 2350 liic
250 2297 348 2354 deesse.
392 2297 500 2356 Scilicet
525 2318 609 2356 annm
634 2309 685 2356 ant
706 2302 792 2370 plara
816 2302 887 2367 solia
914 2303 1015 2358 codicis
1041 2304 1160 2356 annium
1177 2308 1333 2356 nostrorum

179 2384 325 2454 archetypi
339 2387 511 2456 tennerunt,
529 2389 559 2440 in
576 2388 676 2456 quidne
692 2389 806 2452 luceant
823 2387 921 2442 ultima
934 2389 1124 2456 praefationis
1138 2403 1219 2456 pare,
1237 2388 1334 2443 deinde

179 2473 281 2524 nanae
307 2471 482 2536 definitiones
506 2473 578 2540 irae,
606 2481 662 2528 tnnc
688 2473 747 2538 ficti
772 2472 931 2528 Maneant
956 2473 1123 2540 abiectiones,
1150 2475 1248 2542 petitia
1273 2489 1334 2526 eam

179 2556 375 2625 definitionum,
394 2574 476 2626 quam
494 2560 637 2627 amplexus
655 2567 715 2614 erat
732 2557 843 2625 Seneca,
870 2560 993 2625 refellere
1009 2560 1123 2626 amauit,
1150 2576 1211 2613 cam
1230 2557 1333 2614 Seneca

180 2659 228 2696 eae
248 2641 395 2706 intimare
417 2651 563 2700 concretae
614 2645 652 2700 In
674 2645 774 2711 media,
803 2652 836 2699 at
851 2645 969 2712 uidetur,
996 2645 1130 2700 eiusmodi
1146 2644 1334 2711 disputatione

178 2735 311 2783 nauatae
337 2729 441 2796 actio,
477 2732 525 2785 nti
547 2731 614 2786 llaec
640 2733 768 2802 lepimue:
803 2735 951 2802 tamquam
978 2739 1029 2786 aut
1055 2748 1155 2785 curam
1182 2730 1232 2785 dic.
1286 2730 1334 2784 Ea

180 2816 294 2868 amnne
311 2815 446 2882 placitam
463 2818 541 2884 apud
557 2817 736 2873 Lactantinm
754 2825 866 2872 seruata
885 2832 942 2870 esee
960 2817 1076 2884 Lipsius
1094 2815 1178 2882 acidia
1205 2816 1236 2870 in
1254 2816 1333 2870 cuiue

180 2899 225 2953 leit.
250 2900 284 2954 de
310 2902 355 2954 ira
381 2901 426 2955 dei
452 2919 511 2970 cap.
531 2903 565 2957 tt
591 2903 719 2971 hamne:
745 2903 881 2958 Nescisse
909 2907 1006 2957 autem
1034 2899 1230 2971 philosophos,
1257 2919 1332 2971 quae

180 2985 256 3040 ratio
288 2992 367 3041 esset
397 2987 470 3060 irae,
507 2995 630 3058 apparet
661 3007 697 3044 ex
729 2987 947 3044 definitionibus
973 3005 1086 3054 eorum,
1122 3004 1195 3057 quas
1222 2986 1333 3042 Seneca

181 3071 365 3127 enumerauit
383 3073 413 3128 ia
431 3073 522 3140 libris,
541 3091 614 3143 quoe
632 3074 668 3129 de
685 3075 730 3129 ira
748 3073 917 3144 composuit.
954 3074 1013 3128 Ire
1030 3079 1098 3138 est,
1117 3072 1220 3142 inquit,
1239 3072 1332 3142 cupi·

181 3157 277 3212 ditas
305 3158 539 3215 ulciscendae
565 3159 727 3216 iniuriae
755 3168 827 3226 aut,
864 3167 904 3215 ut
930 3159 985 3214 ait
1011 3157 1244 3226 Posidonius,
1279 3177 1331 3214 cu-

181 3243 318 3314 piditas
351 3245 526 3316 punicndi
558 3245 647 3312 cius,
683 3266 701 3300 a
732 3265 798 3316 quo
830 3254 864 3301 te
896 3246 1019 3315 inique
1049 3251 1158 3316 putes
1189 3245 1332 3300 laesum.

181 3329 333 3396 Quidam
376 3329 429 3385 ita
464 3331 701 3389 definierunt:
754 3333 809 3387 ira
843 3337 899 3387 est
934 3330 1107 3387 incitatio
1143 3331 1255 3386 animi
1290 3332 1334 3387 ad

181 3415 377 3471 nocendum
405 3417 449 3484 ei,
477 3419 536 3488 qui
563 3427 624 3474 aut
649 3418 776 3474 nocuit
799 3424 862 3474 aut
883 3435 1016 3473 nocere
1039 3416 1168 3473 uoluit.
1212 3418 1332 3474 Lactan·

181 3503 248 3556 Scin
264 3517 333 3556 uera
349 3503 439 3572 ipsius
449 3501 567 3559 Senecae
584 3507 667 3560 cerba
686 3505 810 3560 attulisse
827 3504 914 3570 creto,
931 3504 979 3557 secl
996 3504 1057 3570 fieri
1071 3510 1168 3572 potest,
1187 3511 1218 3558 at
1234 3505 1333 3562 ultima

180 3587 318 3654 (Quidam
329 3629 334 3640 .
345 3630 350 3642 .
361 3589 468 3657 uoluit)
491 3591 567 3659 apud
585 3590 712 3645 Senecam
735 3592 826 3660 ipsum
850 3608 868 3644 a
884 3589 1025 3657 peioribus
1047 3591 1192 3644 interuallo
1209 3590 1333 3646 diiuncta

179 3674 291 3743 sneeint,
319 3677 361 3730 ita
387 3683 418 3730 ut
444 3677 498 3730 elac
522 3677 681 3744 [ramata
707 3693 724 3730 a
751 3675 870 3731 diuersis
891 3675 959 3730 lacis
973 3679 1063 3743 petila
1079 3675 1241 3746 cacumen
1267 3693 1333 3731 nam

176 3768 242 3828 past
266 3777 307 3820 ea.
335 3776 405 3829 qaae
429 3763 487 3816 iam
512 3762 604 3829 attali,
633 3763 727 3817 statim
753 3764 793 3817 sic
817 3761 911 3829 perpit
929 3759 1045 3816 Senecae
1068 3761 1153 3815 terta
1171 3763 1332 3819 ascribere:

180 3846 401 3902 Aristotelis
434 3846 606 3903 definitio
638 3867 707 3903 non
737 3848 884 3902 multum
916 3865 933 3900 a
963 3853 1091 3901 nostra
1126 3849 1245 3916 abest;
1280 3848 1333 3903 ait

181 3932 273 3988 euim
308 3932 396 3988 iram
432 3951 512 3989 esse
548 3933 788 4004 cupiditatem
824 3931 961 3988 doloris
996 3933 1227 4002 rependendi;
1263 3951 1332 4004 qnae

179 4021 263 4075 certa
284 4021 363 4086 infra
378 4036 407 4088 p.
427 4021 472 4082 et.
492 4022 533 4074 22
550 4021 684 4088 tepenter.
703 4048 737 4057 -
840 4019 857 4072 6
883 4023 993 4088 tanqua
1010 4017 1046 4074 A*
1067 4017 1122 4088 Api
1139 4020 1184 4075 liic
1201 4021 1281 4076 credo
1299 4021 1332 4077 de

179 4105 331 4161 laminam
349 4105 487 4162 salutaria
504 4123 537 4161 ac
554 4106 625 4160 bona
642 4106 759 4162 coneilio
776 4111 873 4160 nostra
890 4103 1099 4173 neplepentitae,
1118 4107 1214 4174 quibas
1232 4107 1264 4160 ot
1282 4106 1347 4162 tce.

179 4191 278 4261 ipeuen,
316 4198 455 4260 temptam
480 4193 516 4248 ab
540 4191 578 4246 iis
604 4193 750 4260 contenti
775 4191 870 4260 amas,
905 4191 1053 4246 irascimur
1078 4197 1135 4256 aut,
1169 4198 1202 4246 at
1225 4193 1333 4248 mauult

180 4275 292 4346 Seneca,
311 4279 392 4346 ptati
407 4277 559 4334 irascimur.
596 4277 782 4346 Intcrlocutcr,
801 4284 833 4332 ut
849 4277 966 4344 aidetsm
985 4283 1081 4332 contra
1101 4275 1217 4331 Senecae
1234 4277 1331 4341 defini·

180 4364 280 4420 aman
303 4365 480 4420 contenderat
501 4363 562 4428 ficei
580 4378 671 4432 posse,
698 4364 828 4418 cleliam
846 4364 925 4418 nulla
941 4363 1048 4417 iniuria
1065 4363 1125 4417 lati
1141 4362 1332 4433 irascerentur,

179 4449 293 4519 ideam
317 4464 375 4504 non
400 4465 496 4504 nerum
523 4464 581 4504 ecee
606 4449 679 4504 iram
705 4465 738 4503 en
765 4448 871 4504 iniuria
896 4450 988 4516 naeci;
1016 4445 1117 4502 Seneca
1143 4448 1291 4516 respondet
1305 4455 1333 4504 et

180 4535 310 4604 excaeptis
321 4535 444 4604 pclare
461 4541 584 4602 conatur,
603 4535 719 4602 speciem
735 4536 832 4590 eattaee
849 4533 970 4588 iniuriae
987 4533 1066 4587 nobis
1081 4532 1253 4588 maerentem
1265 4549 1330 4602 eece,

180 4637 249 4688 qaae
272 4635 322 4676 nat
344 4628 458 4686 maneat,
485 4627 511 4675 et
533 4627 675 4688 praeterea
696 4621 769 4676 tunc
792 4627 892 4676 motum
914 4634 969 4674 non
991 4634 1080 4674 uerat..
1103 4633 1159 4674 etse
1176 4617 1257 4688 iram,
1284 4619 1332 4674 sed

179 4705 259 4776 picei
276 4707 356 4762 iram-
375 4733 408 4744 -
