3222 5246
552 409 593 453 cn
615 409 669 454 nm
691 411 753 453 ms.
776 413 810 472 1.,
832 411 952 453 x-xn.
1289 384 1331 452 63

174 576 272 642 tibus
293 575 338 642 da
358 576 537 661 rationem,
573 575 617 642 da
639 573 871 663 disciplinam:
905 581 944 641 ut
970 574 1019 642 nil
1041 575 1186 662 amplius
1209 575 1329 661 dicam,

173 707 318 751 necesse
348 685 414 751 erit
442 691 535 751 certe
562 683 662 751 nobis
691 707 802 752 mores
829 685 1004 752 Romanos
1031 691 1196 771 repetere.
1254 685 1364 762 Quot

176 793 248 861 alic
269 795 397 860 Fabius
431 793 573 860 affectas
605 793 740 880 imperii
773 793 864 859 uires
897 793 1074 878 recreauit,
1109 815 1211 879 quam
1238 793 1331 878 quod

177 903 333 969 cunctari
367 909 403 969 et
435 902 572 969 trahere
606 909 642 968 et
673 902 799 969 morari
831 903 940 987 sciuit,
984 925 1073 989 quae
1106 902 1220 969 omnia
1252 902 1331 968 irati

144 1012 359 1079 snesciunt?
424 1012 579 1078 Perierat
619 1010 813 1099 imperium,
859 1011 951 1098 quod
989 1019 1072 1077 tunc
1110 1012 1146 1076 in
1179 1017 1330 1077 extremo

178 1122 302 1207 stabat,
335 1122 365 1187 si
386 1120 515 1188 Fabius
537 1129 671 1188 tantum
694 1143 796 1187 ausus
820 1128 919 1204 esset,
950 1125 1115 1206 quantum
1136 1120 1188 1186 ira
1209 1120 1330 1186 suade·

179 1232 254 1298 bat:
287 1229 410 1298 habuit
442 1231 479 1296 in
513 1231 655 1297 consilio
684 1229 858 1296 fortunam
886 1229 1059 1316 publicam
1087 1237 1122 1294 et
1143 1230 1331 1296 aestimatis

180 1339 320 1426 uiribus,
354 1363 396 1406 ex
424 1341 548 1426 quibus
574 1341 643 1406 iam
665 1340 776 1426 perire
798 1338 885 1405 nihil
908 1339 981 1404 sine
1003 1338 1162 1405 uniuerso
1185 1346 1331 1426 poterat,

180 1449 334 1515 dolorem
355 1449 590 1534 ultionemque
613 1448 767 1535 seposuit
787 1449 824 1514 in
846 1469 949 1514 unam
971 1447 1156 1514 utilitatem
1179 1456 1215 1514 et
1234 1471 1330 1515 occa-

137 1557 293 1625 rosiones
314 1557 482 1641 intentus,
516 1557 602 1623 iram
624 1564 704 1624 ante
726 1557 811 1623 uicit
833 1579 936 1643 quam
957 1556 1196 1623 Hannibalem.
1243 1555 1366 1636 Quidc

178 1665 320 1754 Scipio?
353 1687 423 1732 non
451 1667 572 1732 relicto
600 1667 795 1732 Hannibale
824 1675 859 1732 et
885 1666 1015 1733 Punico
1046 1667 1197 1733 exercitu
1226 1667 1332 1733 omni·

178 1776 321 1862 busque,
352 1776 475 1861 quibus
497 1775 712 1842 irascendum
736 1782 819 1858 erat,
840 1776 970 1841 bellum
991 1776 1027 1841 in
1049 1774 1202 1841 Africam
1223 1782 1332 1842 trans-

133 1943 136 1946 .
178 1885 259 1950 tulit
304 1891 376 1950 tam
419 1885 548 1970 lentus,
592 1891 631 1950 ut
670 1885 866 1972 opinionem
905 1884 1057 1950 lanariae
1097 1883 1332 1971 segnitiaeque

178 1993 340 2080 malignis
363 1993 483 2059 daret?
529 1993 619 2072 Quid
642 1995 729 2060 alter
751 1993 889 2081 Scipio?
912 2016 981 2060 non
1004 1993 1093 2059 circa
1114 1994 1367 2059 Numantiam?

140 2101 326 2173 ramultum
355 2102 479 2188 diuque
508 2103 598 2168 sedit
628 2109 663 2168 et
684 2103 776 2168 hunc
798 2125 895 2168 suum
917 2102 1158 2190 publicumque
1181 2101 1334 2168 dolorem

181 2233 292 2296 aequo
321 2210 434 2277 animo
457 2212 546 2296 tulit,
580 2210 706 2276 diutius
728 2211 947 2276 Numantiam
969 2234 1070 2296 quam
1093 2209 1334 2298 Carthaginem

179 2319 297 2386 uinci?
340 2321 432 2386 Dum
455 2320 688 2386 circumuallat
711 2326 746 2386 et
767 2319 913 2386 includit
934 2319 1077 2405 hostem,
1102 2341 1142 2385 co
1161 2319 1334 2407 compulit,

180 2435 221 2493 ut
247 2427 339 2494 ferro
368 2429 435 2515 ipsi
464 2452 525 2495 nuo
554 2429 724 2494 caderent.
774 2430 851 2494 Non
881 2436 933 2494 est
959 2430 1076 2515 itaque
1104 2429 1198 2494 utilis
1225 2453 1269 2494 ne
1297 2430 1369 2494 in8

181 2537 323 2623 proeliis
347 2538 485 2622 quidem
507 2547 566 2604 aut
588 2538 688 2604 bellis
710 2538 775 2622 ira;
804 2537 840 2603 in
862 2538 1093 2603 temeritatem
1116 2538 1207 2602 enim
1228 2561 1336 2624 prona

138 2674 165 2711 ac
181 2653 234 2711 est
257 2653 294 2712 et
315 2647 476 2732 pericula,
512 2646 592 2713 dum
613 2646 739 2712 inferre
761 2647 845 2730 uult,
874 2668 943 2712 non
966 2653 1075 2712 cauet.
1130 2647 1195 2712 Illa
1217 2647 1335 2712 certis-

181 2755 268 2820 sima
298 2763 352 2820 est
379 2755 497 2840 uirtus,
531 2779 618 2842 quae
646 2778 683 2821 se
712 2756 770 2820 diu
797 2755 1008 2840 multumque
1038 2755 1278 2842 circumspexit
1300 2762 1336 2820 et

179 2863 269 2928 rexit
292 2870 328 2928 ct
351 2887 394 2928 ex
414 2864 508 2930 lento
533 2887 572 2930 ao
595 2864 767 2930 destinato
790 2865 956 2951 prouexit.

265 2971 366 3038 ΧΠ.ὃ
416 2973 526 3057 ,Quid
549 2971 674 3059 ergo?“
699 2973 825 3058 inquit,
851 2973 923 3058 ,uir
943 2972 1054 3038 bonus
1075 2995 1145 3038 non
1162 2973 1367 3058 irascetur,1

180 3080 210 3145 si
243 3081 342 3146 caedi
374 3087 507 3167 patrem
540 3104 638 3147 suum
671 3081 811 3165 uiderit,
847 3082 876 3146 si
908 3081 980 3167 rapi
1014 3081 1199 3147 matrem?“
1255 3082 1335 3148 Non

140 3213 168 3250 ιε
182 3189 356 3274 irascetur,
380 3188 440 3254 sed
462 3189 660 3276 uindicabit,
683 3191 745 3255 sed
767 3190 927 3255 tuebitur.
974 3190 1065 3268 Quid
1087 3197 1202 3256 autem
1224 3191 1333 3275 timec,

181 3319 224 3362 ne
254 3319 374 3384 parum
401 3321 545 3384 magnus
573 3298 624 3363 illi
652 3299 809 3364 stimulus
839 3299 942 3364 etiam
964 3299 1038 3364 sine
1060 3299 1111 3364 ira
1133 3300 1243 3386 pietas
1266 3300 1334 3366 sit?

182 3413 242 3472 aut
276 3405 331 3471 dic
366 3407 488 3474 codem
519 3407 637 3473 modo:
684 3407 785 3492 ,quid
819 3409 924 3494 crgo?
966 3431 1042 3473 oum
1075 3408 1193 3474 uideat
1226 3409 1335 3474 secari

181 3521 316 3602 patrem
337 3537 436 3580 suum
457 3515 617 3600 filiumuc,
651 3516 705 3580 uir
732 3515 842 3581 bonus
864 3539 935 3584 non
956 3516 1054 3582 flebit
1075 3540 1139 3582 nec
1160 3517 1335 3604 linquetur

182 3623 337 3690 animo?“
379 3647 465 3710 quae
498 3623 653 3690 accidere
686 3623 821 3690 feminis
854 3624 1026 3708 uidemus,
1067 3627 1225 3711 quotiens
1257 3626 1333 3692 illas

182 3799 241 3808 *-

181 3881 199 3935 Β
230 3895 319 3950 supra
346 3879 467 3936 affectas
494 3883 582 3938 aare.
609 3882 645 3939 Α8
674 3881 701 3937 .i.
728 3881 854 3938 afflictas
974 3886 992 3938 4
1025 3883 1132 3938 morari
1161 3883 1248 3940 sciuit
1273 3899 1333 3952 uoq

181 3968 305 4022 moraris
334 3966 425 4025 ciitl
528 3969 545 4022 5
571 3967 608 4025 Α*
628 3972 659 4023 ιἰι
675 3985 727 4038 my.
755 3968 850 4040 piarat
875 3987 898 4038 p
925 3968 1018 4038 pisset
1120 3971 1137 4024 9
1163 3986 1230 4025 uera
1247 3971 1331 4024 inter·

178 4055 302 4122 morto,
330 4069 411 4122 quma
430 4051 509 4109 Stad.
528 4057 588 4110 orit.
603 4072 632 4123 p.
651 4057 687 4109 74
703 4071 742 4124 eq.
759 4056 900 4123 proposui,
928 4062 969 4110 eat
992 4055 1024 4109 ιιι
1041 4053 1077 4122 l;
1104 4073 1163 4124 up:
1190 4053 1333 4124 seposuit;

181 4138 388 4194 in..intentus
415 4140 488 4194 iram
592 4139 760 4196 occasiones
788 4139 900 4195 Fickert
926 4157 960 4195 ae
984 4155 1040 4195 ano
1058 4137 1093 4206 D;
1120 4139 1281 4195 occasionis
1299 4140 1333 4208 l3

182 4226 214 4280 ιἰι
240 4241 292 4293 mo.
312 4221 364 4281 li':
391 4224 553 4281 occasionis
573 4226 598 4281 .i.
618 4225 826 4296 oportunitatis
931 4226 962 4280 17
990 4225 1103 4281 hostem
1123 4226 1160 4294 Α;
1187 4225 1286 4281 hostes
1304 4223 1333 4292 L,

181 4318 212 4364 ιιι
227 4311 308 4365 molit
325 4309 413 4365 Kcot.
518 4311 648 4381 cpulitl
754 4313 787 4365 19
804 4311 905 4382 preliis
924 4312 952 4368 l.
990 4312 1025 4366 ln
1041 4327 1093 4381 naq.
1112 4311 1164 4368 Αἰ
1194 4311 1279 4366 Bellfi
1298 4315 1334 4366 cli

181 4388 299 4452 indicii.
334 4395 438 4466 Pugna
457 4404 492 4452 εὖ
511 4390 682 4452 οοιιιιιιὶιιὶἷ.
718 4397 817 4453 Prelio
835 4415 903 4467 pars
921 4413 1017 4468 pugne
1036 4401 1060 4451 ὅ.
1152 4398 1187 4451 22
1204 4396 1282 4452 rexit
1299 4396 1334 4465 Α;

182 4483 257 4538 texit
281 4499 365 4537 nono.
384 4479 406 4539 ll
425 4489 450 4538 et
475 4484 535 4538 edd.
638 4484 673 4538 93
697 4483 749 4552 {qd
774 4483 821 4547 l1,
849 4499 917 4538 corr.
944 4482 981 4538 ι’
1087 4482 1232 4538 irancetur
1258 4480 1277 4540 L
1304 4491 1336 4539 ιιι

184 4568 322 4634 Moratum
349 4560 497 4626 irascill
600 4571 635 4623 24
661 4573 765 4639 paatro
782 4569 819 4625 ΑΙ
848 4569 976 4637 (εει-ὀισπ
993 4577 1118 4638 coeperat
1136 4571 1231 4638 parte)

181 4654 215 4708 27
232 4653 335 4710 uideat
353 4652 389 4722 Α;
410 4653 518 4710 uiderit
536 4651 556 4710 L
573 4661 605 4709 ιιι
621 4671 675 4724 aa,
692 4655 758 4722 sort.
777 4663 847 4711 recte
