3182 5252
351 420 393 460 sn
415 420 575 461 nsvnmvsr
596 421 637 462 nu
659 421 832 464 susumus
853 417 957 469 nutu,
980 419 1098 460 iv—v1.
1235 393 1299 458 313

235 585 294 649 VI.
340 583 459 650 Liuius
481 585 612 650 Drusus
643 585 695 649 uir
718 608 796 651 acer
819 591 853 650 et
875 583 1068 666 uehemens,
1105 605 1181 647 cum
1204 583 1332 667 legesl

145 717 258 760 nouas
282 701 317 760 et
337 693 428 760 mela
451 692 647 760 Gracchano
669 696 842 778 mouisset,
874 694 1017 781 stipatus
1040 693 1169 780 ingenti
1194 694 1298 758 totius

144 803 269 870 Italiae
293 809 402 884 coetu,
438 803 565 868 exitum
587 825 699 868 rerum
722 826 791 870 non
812 803 1005 890 peruidens‚
1035 826 1118 889 ques
1141 825 1205 867 neo
1224 823 1298 884 per-

146 934 251 997 agere
279 911 406 977 licebat
433 935 497 978 nec
520 915 588 977 ism
609 912 753 978 liberum
776 921 848 979 erat
871 911 976 978 semel
997 911 1174 978 incohatas
1195 912 1297 977 relin-

115 1043 270 1106 squere,
317 1027 492 1086 execratus
532 1021 718 1107 inquietam
758 1045 778 1086 a
810 1021 1002 1109 primordiis
1036 1022 1154 1091 uitam¹
1175 1021 1300 1086 dicitur

143 1129 290 1196 dixisse:
326 1129 394 1194 ‘uni
423 1130 488 1194 sibi
516 1153 559 1194 ne
588 1152 694 1216 puero
724 1130 861 1216 quidem
884 1151 1044 1216 umquem
1065 1129 1167 1196 ferias
1191 1129 1298 1195 conti-

142 1239 259 1323 gisss’.
314 1237 428 1304 Ausus
458 1247 511 1304 est
533 1239 622 1304 enim
646 1246 680 1304 et
701 1239 851 1326 pupillus
874 1239 986 1304 adhuc
1011 1245 1044 1304 et
1065 1245 1332 1326 praetextatusa

142 1347 318 1412 iudicibus
352 1369 429 1412 reos
464 1347 701 1414 commendere
736 1355 769 1412 et
797 1348 942 1432 gretiam
970 1369 1066 1414 suam
1093 1346 1168 1414 foro
1195 1349 1298 1413 inter-

143 1478 275 1542 pcnere
299 1463 369 1520 tam
391 1455 577 1521 efficaciter
599 1456 744 1542 quidem,
767 1462 806 1522 ut
828 1455 994 1543 quasdem
1017 1456 1144 1521 iudicis
1167 1461 1300 1522 constet

103 1593 128 1628 ιο
144 1563 190 1628 ab
213 1562 274 1628 illo
297 1569 402 1650 rapte.
450 1564 524 1642 Quo
548 1587 616 1630 non
640 1573 831 1652 erumperet
852 1572 921 1630 tem
943 1565 1112 1631 inmature
1136 1565 1299 1630 ambitio?

144 1673 254 1738 scires
275 1673 310 1737 in
334 1672 460 1738 malum
482 1674 603 1758 ingens
627 1680 661 1738 et
683 1674 854 1760 priuatum
877 1681 911 1739 et
929 1673 1103 1760 publicum
1122 1696 1300 1740 suasuram

145 1784 239 1862 (tom)
262 1803 491 1868 praecoquem
514 1781 704 1866 audaciam
729 1805 804 1848 sero
826 1784 943 1869 itaque
963 1783 1171 1870 querebatur
1187 1780 1298 1847 nullas
1386 1859 1390 1864 Ι

144 1889 212 1956 sibi
246 1888 348 1955 ferias
382 1891 566 1976 contigisse
600 1913 620 1955 s
652 1913 759 1977 puero
774 1923 778 1934 ·
793 1891 974 1958 seditiosus
1009 1899 1042 1956 et
1069 1891 1144 1958 foro
1173 1893 1297 1976 grauis.

143 1999 360 2086 Disputatur,
385 2021 428 2065 an
449 1999 523 2085 ipse
545 1999 612 2080 sibi
634 2023 754 2065 mamus
777 2000 944 2084 attulerit;
975 2001 1087 2066 subito
1112 2002 1200 2067 enim
1225 1999 1298 2066 uol-

104 2137 129 2175 n
142 2129 230 2174 nere
257 2129 320 2195 per
346 2107 474 2194 inguen
502 2114 643 2195 accepto
673 2109 852 2196 conlapsus
876 2116 938 2192 est,
972 2109 1085 2194 aliquo
1109 2109 1297 2194 dubitante,

145 2238 191 2282 an
207 2237 299 2282 mors
318 2215 390 2281 eius
407 2215 602 2283 uoluntaria
619 2225 717 2299 esset,
734 2217 838 2301 nullo,
858 2241 901 2282 en
916 2218 1127 2305 tempestiua.
1173 2217 1297 2304 Super·
1316 2233 1334 2288 3

144 2345 295 2390 uacuum
319 2329 370 2390 est
392 2347 655 2392 commemorare
678 2327 801 2413 plures,
826 2327 893 2412 qui,
918 2349 994 2391 oum
1017 2326 1091 2391 eliis
1109 2325 1299 2392 felicissimi

144 2432 356 2517 uiderentur,
391 2433 454 2519 ipsi
483 2434 519 2498 in
548 2455 583 2499 se
611 2457 731 2500 uerum
753 2435 983 2500 testimonium
1007 2435 1165 2500 dixenmt
1186 2432 1296 2521 perosi

146 2563 284 2608 omnem
318 2547 431 2606 sctum
464 2563 629 2608 annornm
663 2565 817 2625 suorum;
863 2543 923 2609 sed
956 2541 1009 2608 his
1043 2543 1201 2629 querellis
1234 2565 1298 2606 nec

105 2682 130 2718 ιο
147 2649 233 2716 alios
256 2657 475 2716 mutauerunt
496 2673 561 2716 nec
584 2675 621 2717 se
643 2653 749 2739 ipsos:
773 2675 853 2718 nam
874 2675 953 2718 cum
975 2653 1082 2718 uerba
1105 2659 1298 2739 eruperunt,

145 2755 304 2825 adfectus
322 2757 366 2824 ed
384 2759 665 2827 consuetudinem
681 2759 889 2826 relabuntur.
934 2761 1058 2828 Uestru
1075 2759 1298 2826 mehercules
1316 2774 1333 2826 4

145 2867 229 2951 nita,
263 2867 345 2932 licet
372 2889 475 2955 supra
496 2869 588 2934 mille
613 2891 719 2935 annos
742 2877 849 2954 exeat,
883 2871 919 2934 in
942 2870 1144 2934 artissimum
1167 2875 1299 2934 contra-

144 2975 264 3042 hetur:
298 2976 365 3042 ists
397 2977 482 3042 uitia
509 2977 640 3045 nullum
668 2999 738 3044 non
768 2978 941 3044 saeculum
970 2977 1199 3060 deuorsbunt;
1233 2977 1299 3043 hoc

145 3105 228 3149 uero
261 3085 417 3170 spatium,
452 3086 553 3172 quod,
587 3087 741 3172 quamuis
768 3093 890 3161 natura
913 3065 1026 3168 currit,
1061 3087 1146 3151 ratio
1170 3085 1299 3168 dilstet,

146 3305 162 3357 1
188 3309 308 3359 semet
332 3299 492 3358 uehemens
518 3301 551 3359 Α·
677 3321 744 3358 cnm
769 3303 850 3372 leges
876 3321 968 3358 nouae
995 3303 1021 3358 ἀ
1047 3303 1125 3358 mals
1151 3303 1300 3374 grachana

144 3389 290 3444 mouisset
317 3390 352 3454 t:
379 3405 445 3444 cum
471 3389 552 3458 leges
579 3393 609 3445 et
636 3389 713 3444 mala
731 3387 904 3444 Gracchana
929 3393 1069 3443 nonasset
1094 3392 1164 3444 coni.
1183 3387 1210 3444 J.
1230 3406 1254 3443 v.
1273 3387 1299 3444 d.

153 3527 223 3581 Vliet
240 3527 271 3579 iu
291 3525 423 3580 Messon.
442 3525 477 3578 N.
498 3523 524 3578 8.
544 3525 581 3580 Χ.
600 3541 626 3594 p.
646 3527 703 3592 135,
722 3540 778 3578 scu
795 3525 1017 3594 improbabiliter.
1095 3525 1241 3595 antipate
1268 3525 1300 3582 Αι

144 3613 173 3665 in
191 3611 249 3676 fine
266 3625 373 3677 serm,
391 3611 439 3664 ubi
455 3625 536 3678 saepe
553 3629 567 3664 s
585 3627 671 3678 supro
689 3617 789 3666 ceteras
807 3611 913 3666 litteras
930 3611 1068 3666 octimber.
1159 3610 1300 3682 tcetull

214 3713 357 3767 peregere
375 3695 483 3763 scripsi,
508 3696 541 3750 de
558 3712 611 3766 qao
630 3697 710 3750 etiam
728 3694 808 3751 Kocb
825 3699 1001 3766 copitauerat.
1020 3698 1068 3764 qui
1080 3703 1196 3764 propter
1213 3699 1301 3750 locum

145 3785 223 3853 epist.
249 3783 292 3848 59,
318 3783 353 3836 13
375 3796 432 3835 uon
454 3789 523 3836 recte
547 3781 727 3836 coniecturam
750 3783 859 3848 obiectu
887 3779 1013 3848 ageret
1116 3783 1133 3836 4
1160 3781 1218 3836 ism
1242 3800 1300 3850 up.;

146 3868 216 3925 tal
322 3865 476 3922 incohatas
494 3867 552 3920 siue
569 3868 651 3922 dubio
668 3867 802 3922 haussi
819 3867 860 3934 N,
888 3883 921 3920 ec
940 3866 1018 3921 cuius
1035 3869 1174 3933 scripturo
1192 3867 1301 3922 litterae

145 3955 306 4010 inco.atas
325 3961 396 4007 certo
413 3951 611 4019 cupiditatum
639 3951 788 4007 indicates
805 3951 839 4009 A*
942 3951 1007 4005 lin
1023 3967 1075 4020 inq.
1094 3950 1139 4008 ill:
1166 3951 1300 4021 Pupillus

145 4047 161 4097 ὅ
179 4041 271 4098 orbus
290 4043 420 4108 parente.
439 4037 470 4091 in
488 4035 544 4092 cui’
562 4043 709 4106 potestate
729 4041 745 4092 ὅ
763 4037 839 4092 infra
857 4036 1109 4106 quartumdecimt
1127 4043 1213 4092 annu.

145 4147 333 4216 pretextatus
358 4139 379 4196 Α
406 4139 473 4208 (scu
490 4140 688 4208 pretextatus)
791 4142 809 4194 8
836 4139 1008 4195 comendare
1027 4145 1058 4193 et
1075 4127 1197 4207 mainil

147 4233 179 4284 12
196 4235 261 4284 tam
279 4243 473 4297 praecoquem
491 4225 596 4279 codices
614 4241 695 4279 noan.
715 4225 858 4292 Pincioui;
877 4241 964 4296 preco
983 4243 1068 4294 quem
1087 4225 1131 4292 t¹;
1150 4227 1181 4278 iu
1198 4241 1248 4292 my.
1268 4225 1301 4280 Α5

144 4324 176 4372 ut
201 4315 260 4369 uid·
288 4303 396 4383 pmalb
420 4309 669 4380 (praematuram).
782 4311 959 4382 querebatur
985 4310 1019 4378 l,
1047 4324 1117 4364 corr.
1145 4325 1188 4378 up.

146 4403 179 4456 lb
197 4419 217 4473 p
235 4399 345 4469 inguen
363 4399 422 4452 sine
439 4396 522 4452 dubio
539 4394 635 4449 babuit
651 4394 691 4460 tt
710 4403 740 4450 st
757 4413 799 4464 up.
819 4397 922 4464 editam
941 4397 1060 4468 pignos
1078 4393 1112 4451 Α*
1128 4396 1158 4449 irs
1174 4411 1231 4449 ros.

146 4481 516 4550 16nu110(0eccorr.)t
593 4481 626 4534 21
645 4479 773 4544 affectus
792 4481 825 4537 Αὁ
900 4483 936 4537 28
953 4481 1087 4554 seclml
1163 4481 1198 4534 24
1216 4487 1300 4552 curpt

145 4572 173 4639 Α,
193 4573 242 4627 ssd
259 4585 349 4638 supra
365 4579 385 4641 ι)
403 4567 436 4625 t*
454 4567 564 4621 uidetur
582 4583 599 4620 a
616 4567 768 4632 scripsisse,
788 4567 860 4635 quod
875 4575 972 4635 posteo
990 4569 1105 4623 cusam
1123 4573 1174 4634 ειη
1201 4573 1301 4620 currat

146 4673 220 4712 usus
237 4653 268 4722 ll,
287 4655 336 4710 ssd
352 4653 536 4708 indiscussum
553 4649 664 4717 defendi
678 4667 762 4720 posse
780 4653 887 4706 ostendi
904 4655 942 4708 od
959 4655 1003 4708 lib.
1021 4654 1054 4707 de
1071 4651 1157 4716 benef.
1177 4651 1218 4718 11,
1236 4653 1262 4716 2,
1281 4653 1301 4705 2

140 4761 170 4812 p.
189 4745 254 4798 201.
360 4739 437 4794 ratio
455 4755 536 4793 noun.
555 4734 578 4793 l)
596 4744 624 4791 st
638 4753 696 4806 sps
714 4736 834 4792 natiol
