3230 5258
237 383 311 446 ‘380
469 409 496 447 1..
520 409 636 450 sunem
659 411 794 450 senecen
816 407 1014 449 ninnoconvu
1038 395 1098 448 nis.
1122 409 1178 448 xn.

245 571 403 657 lugubn'e
431 573 636 639 admonebo:
670 572 736 639 hoc
766 573 830 638 erit
857 593 926 638 non
955 571 1049 638 molli
1079 571 1134 636 uie
1162 571 1299 654 mederi,
1334 571 1397 635 sed

246 703 344 747 urere
367 705 406 746 ec
430 705 555 748 secere.
606 683 695 760 Quid
719 681 929 768 consequar?
964 687 1000 746 ut
1022 679 1151 766 pudeat
1172 681 1320 745 animum
1343 687 1397 744 tot

245 789 455 856 miseriarum
484 791 651 858 uictorem
680 813 780 878 aegre
809 791 899 856 ferre
922 811 1024 855 unum
1047 788 1170 854 uulnus
1192 789 1229 855 in
1251 810 1396 874 corpore

212 903 317 964 3tem
340 900 547 966 cicatricoso.
591 900 715 965 Fleant
737 899 853 985 iteque
876 897 1001 964 diutius
1025 905 1060 964 et
1080 905 1229 984 gement,
1252 919 1397 983 quorum

248 1007 411 1074 delicatas
439 1015 570 1074 mentes
600 1009 776 1074 enerueuit
802 1008 906 1094 longe
933 1007 1094 1090 felicitas,
1128 1013 1163 1071 et
1192 1005 1235 1071 ed
1261 1004 1396 1072 leuissi-
1410 1035 1426 1068 e

246 1137 376 1181 merum
404 1116 602 1183 iniun'erum
631 1126 742 1184 motus
772 1117 1008 1184 comebantur:
1043 1121 1078 1180 et
1106 1137 1249 1200 quorum
1276 1136 1396 1180 omnes

247 1225 328 1290 enni
355 1247 417 1311 per
445 1227 654 1293 calamitates
682 1227 899 1308 transierunt,
933 1224 1133 1310 grauissime
1156 1245 1291 1309 quoque
1312 1220 1397 1288 forti

248 1339 283 1398 et
304 1333 458 1400 inmobili
481 1336 671 1402 constantie
693 1333 876 1421 perferent.
921 1333 1036 1401 Unum
1057 1331 1163 1398 habet
1185 1331 1326 1398 adsidue
1343 1333 1396 1396 in-

247 1440 392 1509 felicitas
422 1443 565 1529 bonnm,
600 1444 693 1530 quod
723 1465 807 1529 quos
838 1463 971 1529 semper
999 1448 1103 1507 uexet
1130 1440 1313 1506 nouissime
1342 1441 1395 1506 in-

211 1559 229 1612 4
247 1551 355 1617 duret.
400 1552 535 1619 Nullam
557 1553 619 1619 tibi
640 1552 779 1619 fortune
800 1552 1014 1618 uocationem
1037 1549 1133 1615 dedit
1149 1572 1168 1616 α
1185 1549 1396 1636 grauissimis
1412 1579 1444 1614 lo

246 1659 409 1744 luctibus;
439 1683 483 1726 ne
505 1661 654 1727 natalem
676 1662 813 1746 quidem
836 1669 931 1726 tuum
954 1659 1096 1746 excepit.
1148 1657 1302 1724 Amisisti
1324 1681 1396 1724 me.-

246 1774 332 1833 trem
363 1770 478 1835 stetim
507 1777 598 1854 nete,
631 1771 729 1836 immo
757 1770 838 1835 dum
865 1768 1025 1852 nasceris,
1059 1775 1094 1832 et
1117 1767 1161 1832 ed
1182 1766 1289 1833 uitem
1310 1789 1396 1852 quo·

247 1875 427 1946 dammodo
462 1878 621 1965 exposite¹
650 1902 695 1944 ee.
752 1877 898 1942 Greuisti
930 1876 993 1942 sub
1026 1897 1191 1941 nouerca:
1227 1896 1327 1961 quem
1357 1883 1398 1939 tu

247 1984 384 2071 quidem
407 1988 499 2052 omni
522 1987 685 2073 obsequio
710 1994 744 2053 et
766 1987 904 2073 pietate,
938 1993 1066 2071 quante
1088 1985 1143 2050 uel
1164 1983 1201 2049 in
1222 1982 1292 2049 filie
1313 2005 1397 2050 con-

247 2095 332 2181 spici
354 2101 478 2181 potest,
502 2104 644 2162 matrem
666 2095 740 2162 fieri
762 2095 920 2182 coegisti;
943 2093 1026 2162 nulli
1049 2101 1162 2159 temen
1184 2115 1252 2158 non
1269 2113 1444 2178 megno1e

247 2203 401 2268 constitit
434 2204 535 2270 etiem
564 2204 656 2270 bone
684 2225 842 2270 nouerca.
896 2201 1112 2269 Auonculum
1141 2200 1397 2286 indulgentissi-

247 2333 347 2396 mum,
379 2312 544 2398 optimum
567 2311 851 2379 solertissimum
873 2312 992 2395 uirum,
1017 2333 1093 2376 oum
1115 2310 1300 2376 aduentum
1322 2309 1398 2374 eius

248 2427 455 2506 expectares,
490 2421 642 2505 emisisti,
676 2429 720 2496 et,
748 2443 793 2486 ne
815 2419 993 2486 saeuitiam
1015 2441 1110 2485 suem
1131 2416 1269 2484 fortune
1288 2417 1397 2482 leuio-

246 2550 319 2594 rem
342 2527 534 2595 diducendo
557 2529 695 2614 feceret,
718 2529 808 2594 intre
829 2528 1061 2594 tricensimum
1079 2527 1168 2592 diem
1188 2526 1398 2592 cetissimum

246 2637 366 2721 uirum,
401 2659 441 2702 ex
470 2659 536 2722 quo
564 2645 673 2703 meter
695 2639 797 2704 trium
818 2637 1001 2703 liberorum
1025 2658 1109 2720 eros,
1144 2635 1309 2701 extulisti:
1342 2635 1396 2700 lu·
1411 2667 1443 2702 ιο

247 2745 343 2830 genti
365 2746 429 2811 tibi
451 2746 562 2811 luctus
585 2747 760 2812 nuntiatus
783 2755 844 2830 est,
868 2745 1024 2811 omnibus
1042 2744 1179 2830 quidem
1196 2743 1397 2810 absentibus

246 2853 372 2937 liberis,
407 2855 503 2939 quasi
536 2855 580 2920 de
612 2855 779 2922 industrie
808 2856 843 2920 in
876 2853 911 2920 id
940 2859 1075 2940 tempus
1106 2852 1269 2918 coniectis
1297 2852 1397 2918 melis

248 2963 325 3046 tuis,
355 2969 393 3028 ut
413 2962 497 3028 nihil
521 2970 611 3028 esset
635 2963 812 3048 [haberes]‚
842 2963 901 3028 ubi
924 2987 960 3029 se
983 2961 1080 3028 dolor
1101 2971 1180 3026 tuus
1203 2961 1396 3028 reclinaret,

213 3070 398 3138 bTranseo
422 3079 475 3137 tot
497 3073 656 3159 pericula,
678 3080 732 3138 tot
753 3081 872 3150 metus,
897 3093 981 3156 quos
1004 3072 1076 3136 siue
1098 3069 1279 3136 interuallo
1301 3071 1337 3135 in
1358 3077 1397 3136 te

247 3179 450 3246 incursantis
478 3181 663 3267 pertulisti:
697 3181 799 3248 modo
826 3179 927 3246 modo
956 3181 992 3244 in
1020 3179 1165 3245 eundem
1194 3179 1319 3262 sinum,
1352 3201 1396 3244 ex
1412 3211 1442 3248 ω

248 3309 314 3372 quo
342 3297 412 3354 tres
440 3297 585 3376 nepotes
609 3290 778 3374 emiserim,
812 3311 890 3354 osse
911 3290 1012 3354 trium
1029 3295 1197 3375 ,nepotum
1219 3287 1397 3374 recepisti3

247 3397 336 3462 intre
363 3397 562 3463 uicesimum
590 3397 689 3482 diem,
723 3419 824 3482 quem
852 3396 957 3462 filium
985 3419 1096 3462 meum
1123 3399 1160 3461 in
1181 3396 1337 3462 menibus
1359 3404 1398 3461 et

248 3759 263 3811 1
282 3757 443 3814 admonebo
461 3777 503 3828 up.
523 3759 570 3826 (ex
586 3774 667 3812 nonu.
688 3755 754 3825 b?);
772 3757 932 3814 admonebo
951 3759 971 3813 Α
1063 3757 1078 3810 7
1096 3756 1165 3834 enni
1182 3774 1269 3825 supra
1286 3773 1398 3811 tersum

247 3844 311 3899 odd.
329 3842 364 3901 l*
465 3846 482 3898 9
508 3860 623 3914 semper
640 3843 674 3911 Ας
701 3860 787 3913 saepe
813 3859 858 3912 up.
963 3846 995 3897 10
1021 3841 1103 3898 dedit
1119 3860 1137 3897 e
1154 3859 1235 3912 gree.
1253 3841 1399 3908 luctibus;

247 3947 283 3985 ne
301 3944 360 3998 “td
387 3928 487 3986 dedit.
503 3932 528 3986 e
547 3929 731 3999 greunsimis
749 3928 856 3996 luetib;
883 3947 919 3984 ne
937 3929 958 3985 l
977 3929 1061 3997 (quod
1078 3929 1137 3983 edd.
1154 3928 1217 3982 inde
1235 3945 1253 3983 a
1273 3927 1400 3983 Fl'cterto
1471 3951 1476 3958 ·

244 4017 411 4084 probamen
437 4017 485 4070 sed
511 4018 550 4072 eie
572 4017 695 4085 pluralis
721 4018 751 4069 in
777 4014 905 4069 luctibus
931 4014 1002 4082 ferri
1028 4013 1141 4082 nequet.)
1250 4015 1281 4068 12
1307 4013 1399 4070 immo

248 4101 315 4156 dum
334 4101 390 4169 (cet
406 4103 498 4157 minuc
515 4109 584 4156 recte
602 4101 659 4156 imo
677 4099 758 4167 dum)
775 4117 833 4168 ope
852 4099 971 4156 inmodd
990 4099 1036 4167 d¹;
1061 4098 1190 4162 *lmoldd
1207 4115 1276 4154 corr.
1294 4097 1328 4154 A*

247 4203 376 4260 nasceris
394 4203 434 4272 Ν,
461 4220 530 4259 corr.
549 4204 608 4259 alta
632 4220 717 4258 mone
739 4206 770 4258 tn
787 4189 925 4272 nesceiis
952 4205 971 4260 i.
990 4223 1010 4258 e.
1029 4201 1199 4268 nascereris,
1226 4209 1257 4256 ut
1272 4217 1355 4256 none.
1375 4199 1398 4258 D

248 4296 273 4344 et
289 4305 332 4358 up.
436 4291 468 4344 14
486 4289 615 4359 conspici
634 4288 662 4356 l,
681 4291 752 4358 osted
768 4291 881 4356 defendi
898 4290 976 4345 Shad.
995 4289 1053 4344 ero.
1071 4305 1097 4356 p.
1117 4289 1168 4342 158
1183 4288 1215 4341 in
1232 4294 1309 4354 nota;
1329 4305 1398 4342 eou-

248 4375 306 4445 cipi
328 4375 443 4444 Bentley
464 4376 494 4431 in
519 4375 605 4432 Closs.
624 4375 746 4431 Journal
767 4377 839 4431 1828
860 4393 890 4445 p.
909 4379 953 4431 12,
1059 4375 1090 4430 15
1116 4391 1174 4428 non
1200 4373 1347 4427 renouauit
1363 4374 1400 4430 A·

351 4463 383 4516 16
409 4463 585 4517 auunculum
610 4461 644 4518 ll
669 4463 701 4528 (u
724 4479 756 4516 en
780 4480 797 4516 o
818 4477 886 4517 corr.
904 4463 936 4517 in
952 4461 1023 4528 ras.)
1128 4460 1160 4513 19
1186 4457 1399 4528 tricensimus

301 4567 303 4573 ¹
349 4549 384 4603 22
410 4548 494 4616 qussi
518 4547 573 4603 *de
591 4547 623 4604 Αι
642 4547 680 4616 (Ρ)
703 4565 771 4602 corr.
790 4563 823 4603 ec
841 4565 913 4618 ques
931 4546 978 4602 ide
1080 4545 1114 4601 23
1140 4543 1213 4599 nihil
1232 4549 1318 4610 esset,
1345 4545 1398 4600 ubi

246 4648 304 4700 cpe
331 4633 423 4689 nichil
442 4634 516 4690 ess&
534 4633 713 4700 habereffubi
731 4633 752 4689 l
770 4633 854 4700 (eros.
873 4633 913 4700 e);
941 4634 1044 4689 scilicet
1059 4631 1184 4686 haberes
1202 4631 1234 4684 in
1251 4629 1401 4698 archetypo

245 4721 398 4786 prouertu
417 4722 553 4786 scriptura
570 4720 651 4773 uerbo
669 4726 748 4774 esset
765 4719 935 4786 adscriptum
951 4721 1008 4784 fuit
1025 4719 1086 4784 (am
1102 4716 1217 4779 contra).
