<?xml version="1.0" encoding="UTF-8"?>
<!DOCTYPE html PUBLIC "-//W3C//DTD XHTML 1.0 Transitional//EN"
    "http://www.w3.org/TR/xhtml1/DTD/xhtml1-transitional.dtd">
<html xmlns="http://www.w3.org/1999/xhtml" xml:lang="en" lang="en">
 <head>
  <title>
</title>
<meta http-equiv="Content-Type" content="text/html;charset=utf-8" />
  <meta name='ocr-system' content='tesseract 3.04.00' />
  <meta name='ocr-capabilities' content='ocr_page ocr_carea ocr_par ocr_line ocrx_word'/>
</head>
<body>
  <div class='ocr_page' id='page_1' title='image "./lannaeisenecaed00senegoog/lannaeisenecaed00senegoog_0014.png"; bbox 0 0 3286 5244; ppageno 0'>
   <div class='ocr_carea' id='block_1_1' title="bbox 1294 373 1346 432">
    <p class='ocr_par' dir='ltr' id='par_1_1' title="bbox 1294 373 1346 432">
     <span class='ocr_line' id='line_1_1' title="bbox 1294 373 1346 432; baseline 0 0"><span class='ocrx_word' id='word_1_1' title='bbox 1294 373 1346 432; x_wconf 90' lang='lat' dir='ltr'><strong>III</strong></span> 
     </span>
    </p>
   </div>
   <div class='ocr_carea' id='block_1_2' title="bbox 194 560 1348 3320">
    <p class='ocr_par' dir='ltr' id='par_1_2' title="bbox 195 560 1348 1962">
     <span class='ocr_line' id='line_1_2' title="bbox 200 560 1344 640; baseline -0.001 -18"><span class='ocrx_word' id='word_1_2' title='bbox 200 564 330 622; x_wconf 82' lang='lat' dir='ltr'><strong>obscure</strong></span> <span class='ocrx_word' id='word_1_3' title='bbox 357 568 429 620; x_wconf 90' lang='lat' dir='ltr'><strong>sunt</strong></span> <span class='ocrx_word' id='word_1_4' title='bbox 455 581 511 618; x_wconf 85' lang='lat' dir='ltr'><strong>nec</strong></span> <span class='ocrx_word' id='word_1_5' title='bbox 539 561 777 639; x_wconf 72' lang='lat' dir='ltr'><strong>corruptelarum</strong></span> <span class='ocrx_word' id='word_1_6' title='bbox 805 560 952 620; x_wconf 82' lang='lat' dir='ltr'><strong>rationem</strong></span> <span class='ocrx_word' id='word_1_7' title='bbox 980 561 1059 619; x_wconf 83' lang='grc'><strong>61616</strong></span> <span class='ocrx_word' id='word_1_8' title='bbox 1087 562 1227 640; x_wconf 87' lang='lat' dir='ltr'><strong>aperiunt</strong></span> <span class='ocrx_word' id='word_1_9' title='bbox 1254 563 1344 621; x_wconf 90' lang='grc'><strong>11666-</strong></span> 
     </span>
     <span class='ocr_line' id='line_1_3' title="bbox 199 663 1344 748; baseline 0.001 -24"><span class='ocrx_word' id='word_1_10' title='bbox 199 666 319 740; x_wconf 75' lang='lat' dir='ltr'>tiaeque</span> <span class='ocrx_word' id='word_1_11' title='bbox 347 663 582 748; x_wconf 78' lang='lat' dir='ltr'><strong>eonieetntorum</strong></span> <span class='ocrx_word' id='word_1_12' title='bbox 610 682 748 741; x_wconf 79' lang='lat' dir='ltr'><strong>eampum</strong></span> <span class='ocrx_word' id='word_1_13' title='bbox 775 664 835 723; x_wconf 84' lang='lat' dir='ltr'><strong>lete</strong></span> <span class='ocrx_word' id='word_1_14' title='bbox 857 671 1009 742; x_wconf 84' lang='lat' dir='ltr'><strong>patentem</strong></span> <span class='ocrx_word' id='word_1_15' title='bbox 1037 664 1198 743; x_wconf 78' lang='lat' dir='ltr'><strong>praebent;</strong></span> <span class='ocrx_word' id='word_1_16' title='bbox 1231 665 1263 724; x_wconf 93' lang='grc'><strong>16</strong></span> <span class='ocrx_word' id='word_1_17' title='bbox 1286 685 1344 741; x_wconf 88' lang='lat' dir='ltr'><strong>quo</strong></span> 
     </span>
     <span class='ocr_line' id='line_1_4' title="bbox 197 765 1345 846; baseline 0.002 -20"><span class='ocrx_word' id='word_1_18' title='bbox 197 787 308 846; x_wconf 86' lang='lat' dir='ltr'><strong>genere</strong></span> <span class='ocrx_word' id='word_1_19' title='bbox 331 765 406 826; x_wconf 88' lang='lat' dir='ltr'><strong>illud</strong></span> <span class='ocrx_word' id='word_1_20' title='bbox 428 767 558 826; x_wconf 82' lang='lat' dir='ltr'><strong>maxime</strong></span> <span class='ocrx_word' id='word_1_21' title='bbox 579 766 809 844; x_wconf 80' lang='lat' dir='ltr'><strong>improbandum</strong></span> <span class='ocrx_word' id='word_1_22' title='bbox 831 775 887 841; x_wconf 88' lang='grc'><strong>661,</strong></span> <span class='ocrx_word' id='word_1_23' title='bbox 912 766 991 842; x_wconf 91' lang='lat' dir='ltr'><strong>quod</strong></span> <span class='ocrx_word' id='word_1_24' title='bbox 1009 766 1073 826; x_wconf 80' lang='grc'><strong>1616</strong></span> <span class='ocrx_word' id='word_1_25' title='bbox 1090 785 1195 826; x_wconf 84' lang='lat' dir='ltr'><strong>omnes</strong></span> <span class='ocrx_word' id='word_1_26' title='bbox 1210 788 1345 844; x_wconf 81' lang='lat' dir='ltr'><strong>rasuras,</strong></span> 
     </span>
     <span class='ocr_line' id='line_1_5' title="bbox 198 869 1347 948; baseline 0 -18"><span class='ocrx_word' id='word_1_27' title='bbox 198 869 342 948; x_wconf 85' lang='lat' dir='ltr'><strong>quicquid</strong></span> <span class='ocrx_word' id='word_1_28' title='bbox 368 870 425 929; x_wconf 86' lang='lat' dir='ltr'><strong>sub</strong></span> <span class='ocrx_word' id='word_1_29' title='bbox 452 871 490 929; x_wconf 89' lang='lat' dir='ltr'><strong>iis</strong></span> <span class='ocrx_word' id='word_1_30' title='bbox 517 869 601 944; x_wconf 78' lang='lat' dir='ltr'><strong>latet,</strong></span> <span class='ocrx_word' id='word_1_31' title='bbox 637 889 818 946; x_wconf 85' lang='lat' dir='ltr'><strong>quemquem</strong></span> <span class='ocrx_word' id='word_1_32' title='bbox 846 870 973 930; x_wconf 86' lang='lat' dir='ltr'><strong>multum</strong></span> <span class='ocrx_word' id='word_1_33' title='bbox 1001 869 1123 930; x_wconf 79' lang='lat' dir='ltr'><strong>diuersa</strong></span> <span class='ocrx_word' id='word_1_34' title='bbox 1144 889 1247 930; x_wconf 81' lang='lat' dir='ltr'><strong>esrum</strong></span> <span class='ocrx_word' id='word_1_35' title='bbox 1270 872 1347 932; x_wconf 82' lang='lat' dir='ltr'><strong>ratio</strong></span> 
     </span>
     <span class='ocr_line' id='line_1_6' title="bbox 198 972 1347 1052; baseline 0 -18"><span class='ocrx_word' id='word_1_36' title='bbox 198 983 255 1050; x_wconf 85' lang='lat' dir='ltr'><strong>eet,</strong></span> <span class='ocrx_word' id='word_1_37' title='bbox 288 993 348 1034; x_wconf 91' lang='lat' dir='ltr'><strong>uno</strong></span> <span class='ocrx_word' id='word_1_38' title='bbox 377 974 543 1050; x_wconf 86' lang='lat' dir='ltr'><strong>eodemque</strong></span> <span class='ocrx_word' id='word_1_39' title='bbox 570 972 670 1048; x_wconf 89' lang='lat' dir='ltr'><strong>modo,</strong></span> <span class='ocrx_word' id='word_1_40' title='bbox 702 973 833 1032; x_wconf 86' lang='lat' dir='ltr'><strong>stellulis</strong></span> <span class='ocrx_word' id='word_1_41' title='bbox 861 972 929 1032; x_wconf 88' lang='lat' dir='ltr'><strong>dieo</strong></span> <span class='ocrx_word' id='word_1_42' title='bbox 957 972 1115 1052; x_wconf 72' lang='lat' dir='ltr'><strong>adpositis,</strong></span> <span class='ocrx_word' id='word_1_43' title='bbox 1148 975 1269 1052; x_wconf 79' lang='lat' dir='ltr'><strong>signare</strong></span> <span class='ocrx_word' id='word_1_44' title='bbox 1291 995 1347 1034; x_wconf 88' lang='lat' dir='ltr'><strong>nee</strong></span> 
     </span>
     <span class='ocr_line' id='line_1_7' title="bbox 197 1075 1346 1153; baseline 0.001 -17"><span class='ocrx_word' id='word_1_45' title='bbox 197 1077 278 1136; x_wconf 83' lang='lat' dir='ltr'><strong>ultre</strong></span> <span class='ocrx_word' id='word_1_46' title='bbox 300 1077 462 1153; x_wconf 80' lang='lat' dir='ltr'><strong>quicquum</strong></span> <span class='ocrx_word' id='word_1_47' title='bbox 484 1075 522 1134; x_wconf 91' lang='lat' dir='ltr'><strong>de</strong></span> <span class='ocrx_word' id='word_1_48' title='bbox 544 1077 581 1136; x_wconf 86' lang='lat' dir='ltr'><strong>iis</strong></span> <span class='ocrx_word' id='word_1_49' title='bbox 603 1075 718 1136; x_wconf 81' lang='lat' dir='ltr'><strong>referre</strong></span> <span class='ocrx_word' id='word_1_50' title='bbox 740 1077 816 1136; x_wconf 84' lang='grc'><strong>66116</strong></span> <span class='ocrx_word' id='word_1_51' title='bbox 839 1076 953 1136; x_wconf 81' lang='lat' dir='ltr'><strong>hebuit.</strong></span> <span class='ocrx_word' id='word_1_52' title='bbox 999 1077 1056 1136; x_wconf 88' lang='lat' dir='ltr'><strong>His</strong></span> <span class='ocrx_word' id='word_1_53' title='bbox 1078 1077 1152 1136; x_wconf 89' lang='lat' dir='ltr'><strong>illud</strong></span> <span class='ocrx_word' id='word_1_54' title='bbox 1175 1078 1346 1138; x_wconf 85' lang='lat' dir='ltr'><strong>addendum</strong></span> 
     </span>
     <span class='ocr_line' id='line_1_8' title="bbox 198 1179 1346 1256; baseline 0.001 -17"><span class='ocrx_word' id='word_1_55' title='bbox 198 1199 266 1239; x_wconf 86' lang='grc'><strong>6666</strong></span> <span class='ocrx_word' id='word_1_56' title='bbox 299 1199 390 1256; x_wconf 80' lang='lat' dir='ltr'><strong>segre</strong></span> <span class='ocrx_word' id='word_1_57' title='bbox 423 1179 504 1254; x_wconf 85' lang='grc'><strong>1616,</strong></span> <span class='ocrx_word' id='word_1_58' title='bbox 539 1179 619 1254; x_wconf 91' lang='lat' dir='ltr'><strong>quod</strong></span> <span class='ocrx_word' id='word_1_59' title='bbox 651 1179 803 1238; x_wconf 78' lang='lat' dir='ltr'><strong>nonnullis</strong></span> <span class='ocrx_word' id='word_1_60' title='bbox 837 1179 912 1239; x_wconf 88' lang='lat' dir='ltr'><strong>loeis</strong></span> <span class='ocrx_word' id='word_1_61' title='bbox 940 1179 1101 1240; x_wconf 86' lang='grc'><strong>6661611661</strong></span> <span class='ocrx_word' id='word_1_62' title='bbox 1129 1199 1202 1242; x_wconf 79' lang='lat' dir='ltr'><strong>sune</strong></span> <span class='ocrx_word' id='word_1_63' title='bbox 1230 1202 1266 1240; x_wconf 87' lang='grc'><strong>66</strong></span> <span class='ocrx_word' id='word_1_64' title='bbox 1293 1182 1346 1240; x_wconf 92' lang='lat' dir='ltr'><strong>im-</strong></span> 
     </span>
     <span class='ocr_line' id='line_1_9' title="bbox 197 1281 1348 1361; baseline 0 -19"><span class='ocrx_word' id='word_1_65' title='bbox 197 1282 327 1358; x_wconf 79' lang='lat' dir='ltr'><strong>miscuit,</strong></span> <span class='ocrx_word' id='word_1_66' title='bbox 362 1301 439 1360; x_wconf 87' lang='lat' dir='ltr'><strong>qnee</strong></span> <span class='ocrx_word' id='word_1_67' title='bbox 468 1281 535 1342; x_wconf 87' lang='lat' dir='ltr'><strong>fieri</strong></span> <span class='ocrx_word' id='word_1_68' title='bbox 556 1301 615 1342; x_wconf 92' lang='lat' dir='ltr'><strong>non</strong></span> <span class='ocrx_word' id='word_1_69' title='bbox 638 1289 741 1361; x_wconf 86' lang='lat' dir='ltr'><strong>potest</strong></span> <span class='ocrx_word' id='word_1_70' title='bbox 763 1284 835 1358; x_wconf 89' lang='lat' dir='ltr'><strong>quin</strong></span> <span class='ocrx_word' id='word_1_71' title='bbox 856 1302 919 1342; x_wconf 91' lang='lat' dir='ltr'><strong>non</strong></span> <span class='ocrx_word' id='word_1_72' title='bbox 941 1284 1008 1361; x_wconf 88' lang='lat' dir='ltr'><strong>ipse</strong></span> <span class='ocrx_word' id='word_1_73' title='bbox 1031 1303 1068 1342; x_wconf 85' lang='lat' dir='ltr'><strong>ex</strong></span> <span class='ocrx_word' id='word_1_74' title='bbox 1091 1284 1195 1344; x_wconf 85' lang='lat' dir='ltr'><strong>codiee</strong></span> <span class='ocrx_word' id='word_1_75' title='bbox 1218 1284 1348 1344; x_wconf 85' lang='grc'><strong>66616111</strong></span> 
     </span>
     <span class='ocr_line' id='line_1_10' title="bbox 198 1385 1346 1466; baseline 0.003 -22"><span class='ocrx_word' id='word_1_76' title='bbox 198 1386 253 1445; x_wconf 87' lang='lat' dir='ltr'><strong>sed</strong></span> <span class='ocrx_word' id='word_1_77' title='bbox 286 1407 324 1444; x_wconf 86' lang='lat' dir='ltr'><strong>ex</strong></span> <span class='ocrx_word' id='word_1_78' title='bbox 353 1385 523 1444; x_wconf 82' lang='lat' dir='ltr'><strong>conlatione</strong></span> <span class='ocrx_word' id='word_1_79' title='bbox 552 1385 687 1446; x_wconf 84' lang='lat' dir='ltr'><strong>Fickerti</strong></span> <span class='ocrx_word' id='word_1_80' title='bbox 716 1394 821 1446; x_wconf 85' lang='lat' dir='ltr'><strong>mutua</strong></span> <span class='ocrx_word' id='word_1_81' title='bbox 847 1387 1011 1466; x_wconf 78' lang='lat' dir='ltr'><strong>sumpserit</strong></span> <span class='ocrx_word' id='word_1_82' title='bbox 1044 1386 1117 1459; x_wconf 90' lang='lat' dir='ltr'><strong>(uid.</strong></span> <span class='ocrx_word' id='word_1_83' title='bbox 1145 1409 1176 1466; x_wconf 90' lang='lat' dir='ltr'><strong>p.</strong></span> <span class='ocrx_word' id='word_1_84' title='bbox 1207 1389 1279 1464; x_wconf 89' lang='grc'><strong>261,</strong></span> <span class='ocrx_word' id='word_1_85' title='bbox 1309 1389 1346 1462; x_wconf 76' lang='lat'><strong>53</strong></span> 
     </span>
     <span class='ocr_line' id='line_1_11' title="bbox 197 1485 1347 1566; baseline 0.003 -19"><span class='ocrx_word' id='word_1_86' title='bbox 197 1490 270 1564; x_wconf 91' lang='grc'><strong>279,</strong></span> <span class='ocrx_word' id='word_1_87' title='bbox 285 1490 338 1562; x_wconf 88' lang='grc'><strong>10;</strong></span> <span class='ocrx_word' id='word_1_88' title='bbox 362 1489 435 1562; x_wconf 87' lang='grc'><strong>284,</strong></span> <span class='ocrx_word' id='word_1_89' title='bbox 450 1489 504 1563; x_wconf 76' lang='lat'><strong>103</strong></span> <span class='ocrx_word' id='word_1_90' title='bbox 525 1489 598 1564; x_wconf 93' lang='grc'><strong>286,</strong></span> <span class='ocrx_word' id='word_1_91' title='bbox 610 1491 666 1564; x_wconf 89' lang='grc'><strong>22;</strong></span> <span class='ocrx_word' id='word_1_92' title='bbox 685 1490 756 1566; x_wconf 92' lang='grc'><strong>326,</strong></span> <span class='ocrx_word' id='word_1_93' title='bbox 772 1492 810 1549; x_wconf 96' lang='grc'><strong>17</strong></span> <span class='ocrx_word' id='word_1_94' title='bbox 819 1510 827 1564; x_wconf 84' lang='grc'>;</span> <span class='ocrx_word' id='word_1_95' title='bbox 844 1491 917 1566; x_wconf 81' lang='grc'><strong>405,</strong></span> <span class='ocrx_word' id='word_1_96' title='bbox 932 1485 972 1564; x_wconf 89' lang='grc'><strong>7).</strong></span> <span class='ocrx_word' id='word_1_97' title='bbox 1018 1489 1102 1562; x_wconf 84' lang='lat' dir='ltr'><strong>Ques</strong></span> <span class='ocrx_word' id='word_1_98' title='bbox 1113 1490 1213 1550; x_wconf 82' lang='lat' dir='ltr'><strong>omnis.</strong></span> <span class='ocrx_word' id='word_1_99' title='bbox 1225 1509 1292 1550; x_wconf 86' lang='lat' dir='ltr'><strong>eum</strong></span> <span class='ocrx_word' id='word_1_100' title='bbox 1304 1491 1347 1550; x_wconf 84' lang='lat' dir='ltr'><strong>ite</strong></span> 
     </span>
     <span class='ocr_line' id='line_1_12' title="bbox 197 1591 1346 1674; baseline 0 -22"><span class='ocrx_word' id='word_1_101' title='bbox 197 1592 268 1668; x_wconf 86' lang='lat' dir='ltr'><strong>siut,</strong></span> <span class='ocrx_word' id='word_1_102' title='bbox 298 1611 426 1669; x_wconf 87' lang='lat' dir='ltr'><strong>eumque</strong></span> <span class='ocrx_word' id='word_1_103' title='bbox 448 1591 496 1652; x_wconf 92' lang='lat' dir='ltr'><strong>his</strong></span> <span class='ocrx_word' id='word_1_104' title='bbox 518 1591 653 1667; x_wconf 80' lang='grc'><strong>66661161,</strong></span> <span class='ocrx_word' id='word_1_105' title='bbox 685 1593 766 1668; x_wconf 92' lang='lat' dir='ltr'><strong>qnod</strong></span> <span class='ocrx_word' id='word_1_106' title='bbox 787 1593 922 1670; x_wconf 80' lang='lat' dir='ltr'><strong>reliquus</strong></span> <span class='ocrx_word' id='word_1_107' title='bbox 945 1613 1064 1671; x_wconf 88' lang='lat' dir='ltr'><strong>quoque</strong></span> <span class='ocrx_word' id='word_1_108' title='bbox 1085 1594 1196 1653; x_wconf 86' lang='lat' dir='ltr'><strong>Koehii</strong></span> <span class='ocrx_word' id='word_1_109' title='bbox 1219 1613 1346 1674; x_wconf 82' lang='lat' dir='ltr'><strong>appere-</strong></span> 
     </span>
     <span class='ocr_line' id='line_1_13' title="bbox 197 1696 1347 1773; baseline 0.002 -17"><span class='ocrx_word' id='word_1_110' title='bbox 197 1705 248 1756; x_wconf 87' lang='lat' dir='ltr'><strong>tus</strong></span> <span class='ocrx_word' id='word_1_111' title='bbox 276 1696 400 1755; x_wconf 85' lang='lat' dir='ltr'><strong>eritieue</strong></span> <span class='ocrx_word' id='word_1_112' title='bbox 429 1715 486 1755; x_wconf 87' lang='lat' dir='ltr'><strong>nec</strong></span> <span class='ocrx_word' id='word_1_113' title='bbox 514 1696 666 1755; x_wconf 86' lang='lat' dir='ltr'><strong>erroribus</strong></span> <span class='ocrx_word' id='word_1_114' title='bbox 694 1703 785 1755; x_wconf 83' lang='grc'><strong>66661</strong></span> <span class='ocrx_word' id='word_1_115' title='bbox 812 1715 867 1755; x_wconf 90' lang='grc'><strong>666</strong></span> <span class='ocrx_word' id='word_1_116' title='bbox 894 1716 961 1756; x_wconf 87' lang='grc'><strong>1666</strong></span> <span class='ocrx_word' id='word_1_117' title='bbox 990 1697 1110 1773; x_wconf 89' lang='lat' dir='ltr'><strong>quidem</strong></span> <span class='ocrx_word' id='word_1_118' title='bbox 1138 1697 1249 1758; x_wconf 85' lang='lat' dir='ltr'><strong>indicio</strong></span> <span class='ocrx_word' id='word_1_119' title='bbox 1271 1699 1347 1758; x_wconf 84' lang='lat' dir='ltr'><strong>setis</strong></span> 
     </span>
     <span class='ocr_line' id='line_1_14' title="bbox 195 1797 1346 1878; baseline 0.003 -21"><span class='ocrx_word' id='word_1_120' title='bbox 195 1798 305 1877; x_wconf 86' lang='lat' dir='ltr'><strong>plenus</strong></span> <span class='ocrx_word' id='word_1_121' title='bbox 335 1803 394 1872; x_wconf 89' lang='lat' dir='ltr'><strong>eet,</strong></span> <span class='ocrx_word' id='word_1_122' title='bbox 428 1817 538 1878; x_wconf 82' lang='lat' dir='ltr'><strong>operes</strong></span> <span class='ocrx_word' id='word_1_123' title='bbox 566 1799 697 1877; x_wconf 87' lang='lat' dir='ltr'><strong>pretium</strong></span> <span class='ocrx_word' id='word_1_124' title='bbox 719 1819 768 1858; x_wconf 89' lang='lat' dir='ltr'><strong>me</strong></span> <span class='ocrx_word' id='word_1_125' title='bbox 789 1797 941 1858; x_wconf 77' lang='lat' dir='ltr'><strong>facturum</strong></span> <span class='ocrx_word' id='word_1_126' title='bbox 964 1819 1033 1859; x_wconf 84' lang='grc'><strong>6666</strong></span> <span class='ocrx_word' id='word_1_127' title='bbox 1056 1819 1155 1878; x_wconf 86' lang='lat' dir='ltr'><strong>spero,</strong></span> <span class='ocrx_word' id='word_1_128' title='bbox 1190 1801 1346 1860; x_wconf 81' lang='lat' dir='ltr'><strong>sinonem</strong></span> 
     </span>
     <span class='ocr_line' id='line_1_15' title="bbox 196 1899 970 1962; baseline 0 -2"><span class='ocrx_word' id='word_1_129' title='bbox 196 1901 304 1960; x_wconf 83' lang='grc'><strong>1161616</strong></span> <span class='ocrx_word' id='word_1_130' title='bbox 326 1899 460 1960; x_wconf 77' lang='lat' dir='ltr'><strong>Senecae</strong></span> <span class='ocrx_word' id='word_1_131' title='bbox 482 1901 628 1960; x_wconf 89' lang='lat' dir='ltr'><strong>librorum</strong></span> <span class='ocrx_word' id='word_1_132' title='bbox 650 1901 811 1962; x_wconf 88' lang='lat' dir='ltr'><strong>editionem</strong></span> <span class='ocrx_word' id='word_1_133' title='bbox 834 1901 970 1961; x_wconf 89' lang='lat' dir='ltr'><strong>emisero.</strong></span> 
     </span>
    </p>

    <p class='ocr_par' dir='ltr' id='par_1_3' title="bbox 194 2002 1348 3320">
     <span class='ocr_line' id='line_1_16' title="bbox 283 2002 1346 2081; baseline 0 -17"><span class='ocrx_word' id='word_1_134' title='bbox 283 2002 426 2064; x_wconf 84' lang='lat' dir='ltr'><strong>Oodieem</strong></span> <span class='ocrx_word' id='word_1_135' title='bbox 454 2003 702 2080; x_wconf 78' lang='lat' dir='ltr'><strong>Ambrosianum,</strong></span> <span class='ocrx_word' id='word_1_136' title='bbox 736 2005 815 2064; x_wconf 88' lang='grc'><strong>61661</strong></span> <span class='ocrx_word' id='word_1_137' title='bbox 844 2023 923 2064; x_wconf 83' lang='grc'><strong>6666</strong></span> <span class='ocrx_word' id='word_1_138' title='bbox 955 2006 1036 2064; x_wconf 91' lang='grc'><strong>1878</strong></span> <span class='ocrx_word' id='word_1_139' title='bbox 1065 2005 1269 2081; x_wconf 72' lang='lat' dir='ltr'><strong>institueram,</strong></span> <span class='ocrx_word' id='word_1_140' title='bbox 1303 2006 1346 2064; x_wconf 86' lang='lat' dir='ltr'><strong>itu</strong></span> 
     </span>
     <span class='ocr_line' id='line_1_17' title="bbox 196 2107 1345 2187; baseline 0.002 -21"><span class='ocrx_word' id='word_1_141' title='bbox 196 2108 287 2168; x_wconf 82' lang='lat' dir='ltr'><strong>etiem</strong></span> <span class='ocrx_word' id='word_1_142' title='bbox 315 2127 393 2166; x_wconf 79' lang='grc'><strong>6666</strong></span> <span class='ocrx_word' id='word_1_143' title='bbox 423 2107 505 2166; x_wconf 87' lang='grc'><strong>1882</strong></span> <span class='ocrx_word' id='word_1_144' title='bbox 534 2127 603 2167; x_wconf 85' lang='lat' dir='ltr'><strong>eum</strong></span> <span class='ocrx_word' id='word_1_145' title='bbox 633 2108 796 2186; x_wconf 77' lang='lat' dir='ltr'><strong>exemplari</strong></span> <span class='ocrx_word' id='word_1_146' title='bbox 818 2107 972 2167; x_wconf 81' lang='lat' dir='ltr'><strong>Haesisno</strong></span> <span class='ocrx_word' id='word_1_147' title='bbox 1001 2125 1176 2186; x_wconf 81' lang='lat' dir='ltr'><strong>comparere</strong></span> <span class='ocrx_word' id='word_1_148' title='bbox 1204 2129 1345 2187; x_wconf 88' lang='lat' dir='ltr'><strong>perseue-</strong></span> 
     </span>
     <span class='ocr_line' id='line_1_18' title="bbox 194 2209 1347 2290; baseline 0.002 -20"><span class='ocrx_word' id='word_1_149' title='bbox 194 2212 277 2285; x_wconf 80' lang='lat' dir='ltr'><strong>raui;</strong></span> <span class='ocrx_word' id='word_1_150' title='bbox 310 2211 367 2271; x_wconf 89' lang='lat' dir='ltr'><strong>sed</strong></span> <span class='ocrx_word' id='word_1_151' title='bbox 395 2229 454 2286; x_wconf 93' lang='lat' dir='ltr'><strong>quo</strong></span> <span class='ocrx_word' id='word_1_152' title='bbox 483 2210 596 2270; x_wconf 79' lang='grc'><strong>6611161</strong></span> <span class='ocrx_word' id='word_1_153' title='bbox 623 2229 721 2270; x_wconf 85' lang='grc'><strong>666616</strong></span> <span class='ocrx_word' id='word_1_154' title='bbox 749 2209 824 2270; x_wconf 85' lang='lat' dir='ltr'><strong>nihil</strong></span> <span class='ocrx_word' id='word_1_155' title='bbox 851 2230 899 2270; x_wconf 89' lang='lat' dir='ltr'><strong>me</strong></span> <span class='ocrx_word' id='word_1_156' title='bbox 927 2211 958 2271; x_wconf 93' lang='lat' dir='ltr'><strong>in</strong></span> <span class='ocrx_word' id='word_1_157' title='bbox 986 2212 1188 2290; x_wconf 83' lang='lat' dir='ltr'><strong>comparando</strong></span> <span class='ocrx_word' id='word_1_158' title='bbox 1211 2212 1347 2290; x_wconf 84' lang='lat' dir='ltr'><strong>effugere</strong></span> 
     </span>
     <span class='ocr_line' id='line_1_19' title="bbox 194 2313 1346 2394; baseline 0.001 -20"><span class='ocrx_word' id='word_1_159' title='bbox 194 2335 298 2394; x_wconf 83' lang='lat' dir='ltr'><strong>posse,</strong></span> <span class='ocrx_word' id='word_1_160' title='bbox 332 2322 422 2374; x_wconf 86' lang='grc'><strong>66166</strong></span> <span class='ocrx_word' id='word_1_161' title='bbox 444 2313 598 2390; x_wconf 78' lang='lat' dir='ltr'><strong>exemplar</strong></span> <span class='ocrx_word' id='word_1_162' title='bbox 619 2313 806 2373; x_wconf 82' lang='lat' dir='ltr'><strong>Heesiennm</strong></span> <span class='ocrx_word' id='word_1_163' title='bbox 828 2333 898 2374; x_wconf 84' lang='lat' dir='ltr'><strong>uum</strong></span> <span class='ocrx_word' id='word_1_164' title='bbox 919 2313 1079 2374; x_wconf 83' lang='lat' dir='ltr'><strong>Kochinuo</strong></span> <span class='ocrx_word' id='word_1_165' title='bbox 1102 2335 1346 2393; x_wconf 79' lang='lat' dir='ltr'><strong>comparauerem</strong></span> 
     </span>
     <span class='ocr_line' id='line_1_20' title="bbox 195 2417 1345 2496; baseline 0.001 -19"><span class='ocrx_word' id='word_1_166' title='bbox 195 2427 228 2477; x_wconf 89' lang='lat' dir='ltr'><strong>et</strong></span> <span class='ocrx_word' id='word_1_167' title='bbox 256 2437 361 2478; x_wconf 87' lang='lat' dir='ltr'><strong>omnes</strong></span> <span class='ocrx_word' id='word_1_168' title='bbox 389 2417 483 2492; x_wconf 85' lang='grc'><strong>16666,</strong></span> <span class='ocrx_word' id='word_1_169' title='bbox 517 2417 569 2476; x_wconf 86' lang='grc'><strong>6111</strong></span> <span class='ocrx_word' id='word_1_170' title='bbox 597 2417 731 2476; x_wconf 81' lang='lat' dir='ltr'><strong>intense</strong></span> <span class='ocrx_word' id='word_1_171' title='bbox 754 2417 978 2496; x_wconf 80' lang='lat' dir='ltr'><strong>discrepabant,</strong></span> <span class='ocrx_word' id='word_1_172' title='bbox 1012 2418 1146 2494; x_wconf 90' lang='lat' dir='ltr'><strong>itemque</strong></span> <span class='ocrx_word' id='word_1_173' title='bbox 1168 2438 1281 2495; x_wconf 88' lang='lat' dir='ltr'><strong>omues,</strong></span> <span class='ocrx_word' id='word_1_174' title='bbox 1315 2420 1345 2478; x_wconf 89' lang='lat' dir='ltr'><strong>in</strong></span> 
     </span>
     <span class='ocr_line' id='line_1_21' title="bbox 195 2519 1345 2599; baseline 0 -19"><span class='ocrx_word' id='word_1_175' title='bbox 195 2521 306 2598; x_wconf 88' lang='lat' dir='ltr'><strong>quibus</strong></span> <span class='ocrx_word' id='word_1_176' title='bbox 339 2519 454 2580; x_wconf 77' lang='lat' dir='ltr'><strong>codicis</strong></span> <span class='ocrx_word' id='word_1_177' title='bbox 486 2520 667 2599; x_wconf 77' lang='lat' dir='ltr'><strong>scripturum</strong></span> <span class='ocrx_word' id='word_1_178' title='bbox 701 2541 719 2579; x_wconf 85' lang='grc'><strong>6</strong></span> <span class='ocrx_word' id='word_1_179' title='bbox 748 2539 804 2579; x_wconf 84' lang='grc'><strong>666</strong></span> <span class='ocrx_word' id='word_1_180' title='bbox 834 2519 964 2579; x_wconf 86' lang='lat' dir='ltr'><strong>editione</strong></span> <span class='ocrx_word' id='word_1_181' title='bbox 987 2519 1110 2580; x_wconf 76' lang='lat' dir='ltr'><strong>differre</strong></span> <span class='ocrx_word' id='word_1_182' title='bbox 1132 2521 1271 2582; x_wconf 85' lang='lat' dir='ltr'><strong>Koehius</strong></span> <span class='ocrx_word' id='word_1_183' title='bbox 1294 2521 1345 2581; x_wconf 85' lang='lat' dir='ltr'><strong>ad-</strong></span> 
     </span>
     <span class='ocr_line' id='line_1_22' title="bbox 195 2621 1346 2702; baseline 0.002 -20"><span class='ocrx_word' id='word_1_184' title='bbox 195 2624 378 2702; x_wconf 78' lang='lat' dir='ltr'><strong>scripserat,</strong></span> <span class='ocrx_word' id='word_1_185' title='bbox 412 2623 443 2682; x_wconf 91' lang='lat' dir='ltr'><strong>in</strong></span> <span class='ocrx_word' id='word_1_186' title='bbox 472 2622 635 2700; x_wconf 78' lang='lat' dir='ltr'><strong>exemplari</strong></span> <span class='ocrx_word' id='word_1_187' title='bbox 662 2621 818 2682; x_wconf 81' lang='lat' dir='ltr'><strong>Hensieno</strong></span> <span class='ocrx_word' id='word_1_188' title='bbox 847 2622 943 2700; x_wconf 79' lang='lat' dir='ltr'><strong>signis</strong></span> <span class='ocrx_word' id='word_1_189' title='bbox 970 2630 1160 2699; x_wconf 79' lang='lat' dir='ltr'><strong>noteuersm3</strong></span> <span class='ocrx_word' id='word_1_190' title='bbox 1194 2625 1288 2684; x_wconf 83' lang='lat' dir='ltr'><strong>multe</strong></span> <span class='ocrx_word' id='word_1_191' title='bbox 1314 2626 1346 2683; x_wconf 90' lang='lat' dir='ltr'><strong>in</strong></span> 
     </span>
     <span class='ocr_line' id='line_1_23' title="bbox 194 2723 1345 2807; baseline 0.001 -21"><span class='ocrx_word' id='word_1_192' title='bbox 194 2724 398 2806; x_wconf 77' lang='lat' dir='ltr'><strong>comparando</strong></span> <span class='ocrx_word' id='word_1_193' title='bbox 420 2726 468 2785; x_wconf 86' lang='lat' dir='ltr'><strong>bis</strong></span> <span class='ocrx_word' id='word_1_194' title='bbox 490 2733 575 2784; x_wconf 85' lang='lat' dir='ltr'><strong>terne</strong></span> <span class='ocrx_word' id='word_1_195' title='bbox 597 2725 734 2804; x_wconf 67' lang='lat' dir='ltr'><strong>perlegi.⁸</strong></span> <span class='ocrx_word' id='word_1_196' title='bbox 767 2724 818 2784; x_wconf 86' lang='grc'><strong>816</strong></span> <span class='ocrx_word' id='word_1_197' title='bbox 841 2723 984 2786; x_wconf 79' lang='lat' dir='ltr'><strong>effectum</strong></span> <span class='ocrx_word' id='word_1_198' title='bbox 1007 2747 1075 2786; x_wconf 85' lang='grc'><strong>6666</strong></span> <span class='ocrx_word' id='word_1_199' title='bbox 1097 2747 1197 2807; x_wconf 88' lang='lat' dir='ltr'><strong>spero,</strong></span> <span class='ocrx_word' id='word_1_200' title='bbox 1220 2735 1254 2787; x_wconf 87' lang='lat' dir='ltr'><strong>ut</strong></span> <span class='ocrx_word' id='word_1_201' title='bbox 1277 2749 1345 2788; x_wconf 88' lang='grc'><strong>666-</strong></span> 
     </span>
     <span class='ocr_line' id='line_1_24' title="bbox 194 2827 1347 2910; baseline 0.002 -22"><span class='ocrx_word' id='word_1_202' title='bbox 194 2830 270 2889; x_wconf 84' lang='grc'><strong>16116</strong></span> <span class='ocrx_word' id='word_1_203' title='bbox 296 2849 365 2889; x_wconf 87' lang='grc'><strong>6166</strong></span> <span class='ocrx_word' id='word_1_204' title='bbox 392 2849 481 2906; x_wconf 84' lang='lat' dir='ltr'><strong>quem</strong></span> <span class='ocrx_word' id='word_1_205' title='bbox 510 2829 738 2888; x_wconf 77' lang='grc' dir='ltr'><strong>66666611εεὶ66</strong></span> <span class='ocrx_word' id='word_1_206' title='bbox 765 2827 865 2904; x_wconf 83' lang='grc'><strong>116161;</strong></span> <span class='ocrx_word' id='word_1_207' title='bbox 899 2848 955 2888; x_wconf 90' lang='grc'><strong>666</strong></span> <span class='ocrx_word' id='word_1_208' title='bbox 984 2830 1090 2907; x_wconf 83' lang='grc'><strong>611661,</strong></span> <span class='ocrx_word' id='word_1_209' title='bbox 1124 2832 1174 2908; x_wconf 90' lang='lat' dir='ltr'><strong>qui</strong></span> <span class='ocrx_word' id='word_1_210' title='bbox 1201 2839 1273 2910; x_wconf 83' lang='lat' dir='ltr'><strong>post</strong></span> <span class='ocrx_word' id='word_1_211' title='bbox 1299 2853 1347 2890; x_wconf 90' lang='grc'><strong>616</strong></span> 
     </span>
     <span class='ocr_line' id='line_1_25' title="bbox 195 2931 1348 3011; baseline 0.002 -19"><span class='ocrx_word' id='word_1_212' title='bbox 195 2931 331 2992; x_wconf 83' lang='lat' dir='ltr'><strong>codicem</strong></span> <span class='ocrx_word' id='word_1_213' title='bbox 355 2931 492 2993; x_wconf 81' lang='lat' dir='ltr'><strong>conferre</strong></span> <span class='ocrx_word' id='word_1_214' title='bbox 514 2932 653 3009; x_wconf 88' lang='lat' dir='ltr'><strong>uoluerit,</strong></span> <span class='ocrx_word' id='word_1_215' title='bbox 684 2931 779 2991; x_wconf 87' lang='lat' dir='ltr'><strong>multe</strong></span> <span class='ocrx_word' id='word_1_216' title='bbox 800 2933 992 2991; x_wconf 74' lang='lat' dir='ltr'><strong>inuenturum</strong></span> <span class='ocrx_word' id='word_1_217' title='bbox 1015 2951 1083 2992; x_wconf 91' lang='lat' dir='ltr'><strong>esse</strong></span> <span class='ocrx_word' id='word_1_218' title='bbox 1106 2931 1206 3009; x_wconf 77' lang='lat' dir='ltr'><strong>crede,</strong></span> <span class='ocrx_word' id='word_1_219' title='bbox 1230 2955 1307 3011; x_wconf 81' lang='lat' dir='ltr'><strong>quse</strong></span> <span class='ocrx_word' id='word_1_220' title='bbox 1330 2955 1348 2994; x_wconf 85' lang='lat' dir='ltr'><strong>n</strong></span> 
     </span>
     <span class='ocr_line' id='line_1_26' title="bbox 194 3033 1346 3114; baseline 0.002 -20"><span class='ocrx_word' id='word_1_221' title='bbox 194 3055 245 3094; x_wconf 88' lang='lat' dir='ltr'><strong>me</strong></span> <span class='ocrx_word' id='word_1_222' title='bbox 267 3035 397 3094; x_wconf 76' lang='lat' dir='ltr'><strong>enotatis</strong></span> <span class='ocrx_word' id='word_1_223' title='bbox 420 3033 541 3095; x_wconf 78' lang='lat' dir='ltr'><strong>adiciat.</strong></span> <span class='ocrx_word' id='word_1_224' title='bbox 587 3035 664 3095; x_wconf 84' lang='lat' dir='ltr'><strong>Sunt</strong></span> <span class='ocrx_word' id='word_1_225' title='bbox 685 3035 861 3114; x_wconf 78' lang='lat' dir='ltr'><strong>paucissimi</strong></span> <span class='ocrx_word' id='word_1_226' title='bbox 883 3035 951 3110; x_wconf 86' lang='lat' dir='ltr'><strong>loei,</strong></span> <span class='ocrx_word' id='word_1_227' title='bbox 983 3054 1058 3110; x_wconf 90' lang='lat' dir='ltr'><strong>quos</strong></span> <span class='ocrx_word' id='word_1_228' title='bbox 1081 3035 1111 3094; x_wconf 90' lang='lat' dir='ltr'><strong>in</strong></span> <span class='ocrx_word' id='word_1_229' title='bbox 1134 3038 1346 3097; x_wconf 83' lang='lat' dir='ltr'><strong>commentario</strong></span> 
     </span>
     <span class='ocr_line' id='line_1_27' title="bbox 196 3137 1347 3215; baseline 0.002 -18"><span class='ocrx_word' id='word_1_230' title='bbox 196 3137 302 3197; x_wconf 84' lang='lat' dir='ltr'><strong>critico</strong></span> <span class='ocrx_word' id='word_1_231' title='bbox 330 3137 471 3215; x_wconf 76' lang='lat' dir='ltr'><strong>indicaui,</strong></span> <span class='ocrx_word' id='word_1_232' title='bbox 505 3139 557 3198; x_wconf 90' lang='lat' dir='ltr'><strong>ubi</strong></span> <span class='ocrx_word' id='word_1_233' title='bbox 584 3138 657 3197; x_wconf 90' lang='lat' dir='ltr'><strong>mihi</strong></span> <span class='ocrx_word' id='word_1_234' title='bbox 685 3158 744 3197; x_wconf 92' lang='grc'><strong>666</strong></span> <span class='ocrx_word' id='word_1_235' title='bbox 773 3145 900 3215; x_wconf 85' lang='grc'><strong>6666161,</strong></span> <span class='ocrx_word' id='word_1_236' title='bbox 934 3145 1034 3197; x_wconf 87' lang='lat' dir='ltr'><strong>utrum</strong></span> <span class='ocrx_word' id='word_1_237' title='bbox 1061 3137 1134 3198; x_wconf 91' lang='lat' dir='ltr'><strong>mihi</strong></span> <span class='ocrx_word' id='word_1_238' title='bbox 1162 3159 1200 3198; x_wconf 88' lang='grc'><strong>66</strong></span> <span class='ocrx_word' id='word_1_239' title='bbox 1228 3139 1347 3199; x_wconf 86' lang='lat' dir='ltr'><strong>Koehio</strong></span> 
     </span>
     <span class='ocr_line' id='line_1_28' title="bbox 196 3240 1346 3320; baseline 0.002 -20"><span class='ocrx_word' id='word_1_240' title='bbox 196 3240 334 3317; x_wconf 70' lang='grc'><strong>61611661,</strong></span> <span class='ocrx_word' id='word_1_241' title='bbox 368 3259 438 3300; x_wconf 85' lang='grc'><strong>6661</strong></span> <span class='ocrx_word' id='word_1_242' title='bbox 465 3262 495 3320; x_wconf 88' lang='lat' dir='ltr'><strong>p.</strong></span> <span class='ocrx_word' id='word_1_243' title='bbox 524 3243 576 3318; x_wconf 86' lang='grc'><strong>25,</strong></span> <span class='ocrx_word' id='word_1_244' title='bbox 606 3243 645 3300; x_wconf 86' lang='grc'><strong>14</strong></span> <span class='ocrx_word' id='word_1_245' title='bbox 672 3241 811 3301; x_wconf 83' lang='lat' dir='ltr'><strong>Koehius</strong></span> <span class='ocrx_word' id='word_1_246' title='bbox 837 3244 973 3317; x_wconf 77' lang='grc'><strong>66116616,</strong></span> <span class='ocrx_word' id='word_1_247' title='bbox 1007 3262 1036 3320; x_wconf 93' lang='lat' dir='ltr'><strong>p.</strong></span> <span class='ocrx_word' id='word_1_248' title='bbox 1060 3242 1112 3317; x_wconf 88' lang='grc'><strong>26,</strong></span> <span class='ocrx_word' id='word_1_249' title='bbox 1142 3243 1182 3300; x_wconf 85' lang='grc'><strong>26</strong></span> <span class='ocrx_word' id='word_1_250' title='bbox 1211 3245 1346 3313; x_wconf 67' lang='lat' dir='ltr'><strong>existent,</strong></span> 
     </span>
    </p>
   </div>
   <div class='ocr_carea' id='block_1_3' title="bbox 195 3353 1347 4620">
    <p class='ocr_par' dir='ltr' id='par_1_4' title="bbox 195 3353 1347 4620">
     <span class='ocr_line' id='line_1_29' title="bbox 485 3353 504 3392; baseline 0 0"><span class='ocrx_word' id='word_1_251' title='bbox 485 3353 504 3392; x_wconf 87' lang='lat' dir='ltr'><strong><em>a</em></strong></span> 
     </span>
     <span class='ocr_line' id='line_1_30' title="bbox 195 3413 1343 3492; baseline 0 -20"><span class='ocrx_word' id='word_1_252' title='bbox 195 3435 226 3491; x_wconf 91' lang='lat' dir='ltr'><strong>p.</strong></span> <span class='ocrx_word' id='word_1_253' title='bbox 245 3415 296 3488; x_wconf 82' lang='lat'><strong>34,</strong></span> <span class='ocrx_word' id='word_1_254' title='bbox 321 3414 360 3472; x_wconf 88' lang='grc'><strong>19</strong></span> <span class='ocrx_word' id='word_1_255' title='bbox 382 3413 513 3484; x_wconf 78' lang='grc'><strong>1111111111,</strong></span> <span class='ocrx_word' id='word_1_256' title='bbox 536 3433 566 3492; x_wconf 89' lang='lat' dir='ltr'><strong>p.</strong></span> <span class='ocrx_word' id='word_1_257' title='bbox 585 3414 637 3488; x_wconf 82' lang='lat'><strong>45,</strong></span> <span class='ocrx_word' id='word_1_258' title='bbox 662 3415 679 3473; x_wconf 89' lang='grc'><strong>7</strong></span> <span class='ocrx_word' id='word_1_259' title='bbox 702 3413 796 3484; x_wconf 77' lang='lat' dir='ltr'><strong>Ouidi,</strong></span> <span class='ocrx_word' id='word_1_260' title='bbox 820 3435 849 3492; x_wconf 92' lang='lat' dir='ltr'><strong>p.</strong></span> <span class='ocrx_word' id='word_1_261' title='bbox 869 3415 919 3488; x_wconf 88' lang='grc'><strong>74,</strong></span> <span class='ocrx_word' id='word_1_262' title='bbox 944 3415 984 3472; x_wconf 88' lang='grc'><strong>14</strong></span> <span class='ocrx_word' id='word_1_263' title='bbox 1006 3415 1159 3485; x_wconf 65' lang='lat' dir='ltr'><strong>cenwines,</strong></span> <span class='ocrx_word' id='word_1_264' title='bbox 1183 3434 1212 3492; x_wconf 87' lang='lat' dir='ltr'><strong>p.</strong></span> <span class='ocrx_word' id='word_1_265' title='bbox 1232 3415 1283 3490; x_wconf 86' lang='lat'><strong>95,</strong></span> <span class='ocrx_word' id='word_1_266' title='bbox 1306 3416 1343 3472; x_wconf 91' lang='grc'><strong>21</strong></span> 
     </span>
     <span class='ocr_line' id='line_1_31' title="bbox 195 3515 1346 3594; baseline 0 -20"><span class='ocrx_word' id='word_1_267' title='bbox 195 3533 333 3590; x_wconf 67' lang='grc'><strong>66666116,</strong></span> <span class='ocrx_word' id='word_1_268' title='bbox 357 3515 486 3592; x_wconf 87' lang='lat' dir='ltr'><strong>denique</strong></span> <span class='ocrx_word' id='word_1_269' title='bbox 505 3537 534 3594; x_wconf 94' lang='lat' dir='ltr'><strong>p.</strong></span> <span class='ocrx_word' id='word_1_270' title='bbox 555 3517 627 3591; x_wconf 84' lang='lat'><strong>338,</strong></span> <span class='ocrx_word' id='word_1_271' title='bbox 652 3519 690 3575; x_wconf 92' lang='grc'><strong>12</strong></span> <span class='ocrx_word' id='word_1_272' title='bbox 710 3517 879 3590; x_wconf 75' lang='grc'><strong>1666111616</strong></span> <span class='ocrx_word' id='word_1_273' title='bbox 897 3515 1000 3576; x_wconf 83' lang='lat' dir='ltr'><strong>codiee</strong></span> <span class='ocrx_word' id='word_1_274' title='bbox 1017 3516 1078 3593; x_wconf 81' lang='lat' dir='ltr'><strong>legi</strong></span> <span class='ocrx_word' id='word_1_275' title='bbox 1096 3515 1247 3591; x_wconf 82' lang='grc'><strong>(11611661,</strong></span> <span class='ocrx_word' id='word_1_276' title='bbox 1271 3524 1346 3574; x_wconf 85' lang='grc'><strong>1616-</strong></span> 
     </span>
     <span class='ocr_line' id='line_1_32' title="bbox 197 3599 1347 3696; baseline -0.001 -18"><span class='ocrx_word' id='word_1_277' title='bbox 197 3640 287 3695; x_wconf 79' lang='lat' dir='ltr'><strong>quam</strong></span> <span class='ocrx_word' id='word_1_278' title='bbox 304 3619 349 3678; x_wconf 86' lang='grc'><strong>616</strong></span> <span class='ocrx_word' id='word_1_279' title='bbox 366 3619 397 3678; x_wconf 90' lang='grc'><strong>16</strong></span> <span class='ocrx_word' id='word_1_280' title='bbox 415 3599 519 3678; x_wconf 84' lang='lat' dir='ltr'><strong>codice</strong></span> <span class='ocrx_word' id='word_1_281' title='bbox 537 3619 697 3696; x_wconf 87' lang='lat' dir='ltr'><strong>legeretur,</strong></span> <span class='ocrx_word' id='word_1_282' title='bbox 717 3618 821 3694; x_wconf 88' lang='lat' dir='ltr'><strong>edidit,</strong></span> <span class='ocrx_word' id='word_1_283' title='bbox 840 3639 909 3678; x_wconf 86' lang='lat' dir='ltr'><strong>eum</strong></span> <span class='ocrx_word' id='word_1_284' title='bbox 926 3639 993 3678; x_wconf 86' lang='grc'><strong>1666</strong></span> <span class='ocrx_word' id='word_1_285' title='bbox 1005 3618 1134 3678; x_wconf 88' lang='grc'><strong>66616116</strong></span> <span class='ocrx_word' id='word_1_286' title='bbox 1147 3618 1261 3678; x_wconf 82' lang='lat' dir='ltr'><strong>eisdem</strong></span> <span class='ocrx_word' id='word_1_287' title='bbox 1272 3618 1347 3678; x_wconf 89' lang='lat' dir='ltr'><strong>locis</strong></span> 
     </span>
     <span class='ocr_line' id='line_1_33' title="bbox 196 3720 1347 3801; baseline -0.002 -19"><span class='ocrx_word' id='word_1_288' title='bbox 196 3725 347 3792; x_wconf 77' lang='grc'><strong>6661111616,</strong></span> <span class='ocrx_word' id='word_1_289' title='bbox 364 3725 513 3792; x_wconf 67' lang='lat' dir='ltr'><strong>eueniunt,</strong></span> <span class='ocrx_word' id='word_1_290' title='bbox 530 3721 644 3798; x_wconf 78' lang='grc'><strong>1111111116,</strong></span> <span class='ocrx_word' id='word_1_291' title='bbox 662 3720 768 3792; x_wconf 82' lang='lat' dir='ltr'><strong>Ouidii,</strong></span> <span class='ocrx_word' id='word_1_292' title='bbox 786 3723 936 3798; x_wconf 74' lang='grc'><strong>6616116166,</strong></span> <span class='ocrx_word' id='word_1_293' title='bbox 953 3739 1106 3796; x_wconf 65' lang='lat' dir='ltr'><strong>manuue,</strong></span> <span class='ocrx_word' id='word_1_294' title='bbox 1123 3723 1347 3801; x_wconf 65' lang='grc'><strong>6661166166-</strong></span> 
     </span>
     <span class='ocr_line' id='line_1_34' title="bbox 197 3819 1347 3903; baseline 0 -20"><span class='ocrx_word' id='word_1_295' title='bbox 197 3825 270 3884; x_wconf 85' lang='lat' dir='ltr'><strong>beat</strong></span> <span class='ocrx_word' id='word_1_296' title='bbox 301 3821 345 3898; x_wconf 87' lang='lat' dir='ltr'><strong>(in</strong></span> <span class='ocrx_word' id='word_1_297' title='bbox 372 3823 476 3884; x_wconf 86' lang='lat' dir='ltr'><strong>ultimo</strong></span> <span class='ocrx_word' id='word_1_298' title='bbox 505 3823 626 3900; x_wconf 88' lang='lat' dir='ltr'><strong>quidem</strong></span> <span class='ocrx_word' id='word_1_299' title='bbox 655 3824 721 3883; x_wconf 89' lang='grc'><strong>1666</strong></span> <span class='ocrx_word' id='word_1_300' title='bbox 743 3824 810 3903; x_wconf 86' lang='lat' dir='ltr'><strong>ipse</strong></span> <span class='ocrx_word' id='word_1_301' title='bbox 832 3845 879 3884; x_wconf 90' lang='lat' dir='ltr'><strong>me</strong></span> <span class='ocrx_word' id='word_1_302' title='bbox 902 3843 1020 3884; x_wconf 81' lang='lat' dir='ltr'><strong>errasse</strong></span> <span class='ocrx_word' id='word_1_303' title='bbox 1043 3819 1161 3898; x_wconf 74' lang='lat' dir='ltr'><strong>eredo),</strong></span> <span class='ocrx_word' id='word_1_304' title='bbox 1195 3823 1250 3883; x_wconf 86' lang='lat' dir='ltr'><strong>sed</strong></span> <span class='ocrx_word' id='word_1_305' title='bbox 1272 3825 1347 3884; x_wconf 85' lang='lat' dir='ltr'><strong>haec</strong></span> 
     </span>
     <span class='ocr_line' id='line_1_35' title="bbox 198 3926 1346 4004; baseline 0 -18"><span class='ocrx_word' id='word_1_306' title='bbox 198 3926 346 3986; x_wconf 86' lang='lat' dir='ltr'><strong>eiusmodi</strong></span> <span class='ocrx_word' id='word_1_307' title='bbox 373 3933 453 4002; x_wconf 88' lang='grc'><strong>6661,</strong></span> <span class='ocrx_word' id='word_1_308' title='bbox 486 3934 522 3986; x_wconf 88' lang='grc'><strong>61</strong></span> <span class='ocrx_word' id='word_1_309' title='bbox 548 3947 608 3986; x_wconf 92' lang='grc'><strong>666</strong></span> <span class='ocrx_word' id='word_1_310' title='bbox 636 3926 728 4004; x_wconf 80' lang='lat' dir='ltr'><strong>digne</strong></span> <span class='ocrx_word' id='word_1_311' title='bbox 749 3926 915 4003; x_wconf 77' lang='lat' dir='ltr'><strong>habuerim,</strong></span> <span class='ocrx_word' id='word_1_312' title='bbox 948 3927 987 3986; x_wconf 87' lang='lat' dir='ltr'><strong>de</strong></span> <span class='ocrx_word' id='word_1_313' title='bbox 1009 3927 1118 4003; x_wconf 90' lang='lat' dir='ltr'><strong>quibus</strong></span> <span class='ocrx_word' id='word_1_314' title='bbox 1140 3926 1178 3986; x_wconf 83' lang='lat' dir='ltr'><strong>eb</strong></span> <span class='ocrx_word' id='word_1_315' title='bbox 1200 3927 1346 4004; x_wconf 83' lang='lat' dir='ltr'><strong>Angelo</strong></span> 
     </span>
     <span class='ocr_line' id='line_1_36' title="bbox 199 4029 1346 4109; baseline 0 -19"><span class='ocrx_word' id='word_1_316' title='bbox 199 4029 287 4090; x_wconf 83' lang='lat' dir='ltr'><strong>Ceri</strong></span> <span class='ocrx_word' id='word_1_317' title='bbox 295 4050 373 4106; x_wconf 87' lang='lat' dir='ltr'><strong>eno,</strong></span> <span class='ocrx_word' id='word_1_318' title='bbox 385 4030 450 4088; x_wconf 87' lang='lat' dir='ltr'><strong>uiro</strong></span> <span class='ocrx_word' id='word_1_319' title='bbox 462 4029 733 4109; x_wconf 74' lang='lat' dir='ltr'><strong>praestantissimo,</strong></span> <span class='ocrx_word' id='word_1_320' title='bbox 746 4029 901 4108; x_wconf 75' lang='grc'><strong>6111616616</strong></span> <span class='ocrx_word' id='word_1_321' title='bbox 909 4029 1110 4090; x_wconf 80' lang='lat' dir='ltr'><strong>bibliothecae</strong></span> <span class='ocrx_word' id='word_1_322' title='bbox 1117 4030 1346 4106; x_wconf 82' lang='lat' dir='ltr'><strong>Ambrosienae,</strong></span> 
     </span>
     <span class='ocr_line' id='line_1_37' title="bbox 198 4131 1346 4211; baseline -0.001 -19"><span class='ocrx_word' id='word_1_323' title='bbox 198 4141 333 4211; x_wconf 85' lang='lat' dir='ltr'><strong>peterem</strong></span> <span class='ocrx_word' id='word_1_324' title='bbox 353 4140 389 4192; x_wconf 94' lang='lat' dir='ltr'><strong>ut</strong></span> <span class='ocrx_word' id='word_1_325' title='bbox 409 4153 457 4192; x_wconf 88' lang='grc'><strong>166</strong></span> <span class='ocrx_word' id='word_1_326' title='bbox 480 4133 637 4192; x_wconf 83' lang='lat' dir='ltr'><strong>certiorem</strong></span> <span class='ocrx_word' id='word_1_327' title='bbox 661 4131 785 4208; x_wconf 83' lang='lat' dir='ltr'><strong>faceret,</strong></span> <span class='ocrx_word' id='word_1_328' title='bbox 808 4141 876 4191; x_wconf 89' lang='lat' dir='ltr'><strong>uter</strong></span> <span class='ocrx_word' id='word_1_329' title='bbox 897 4139 1034 4192; x_wconf 86' lang='lat' dir='ltr'><strong>nostrum</strong></span> <span class='ocrx_word' id='word_1_330' title='bbox 1053 4133 1346 4206; x_wconf 85' lang='grc'><strong>1661166666166661,</strong></span> 
     </span>
     <span class='ocr_line' id='line_1_38' title="bbox 198 4234 1347 4314; baseline -0.002 -19"><span class='ocrx_word' id='word_1_331' title='bbox 198 4237 279 4295; x_wconf 86' lang='lat' dir='ltr'><strong>sicut</strong></span> <span class='ocrx_word' id='word_1_332' title='bbox 294 4236 325 4294; x_wconf 92' lang='lat' dir='ltr'><strong>in</strong></span> <span class='ocrx_word' id='word_1_333' title='bbox 343 4255 401 4296; x_wconf 89' lang='grc'><strong>666</strong></span> <span class='ocrx_word' id='word_1_334' title='bbox 418 4234 567 4311; x_wconf 89' lang='grc'><strong>16661661,</strong></span> <span class='ocrx_word' id='word_1_335' title='bbox 590 4235 642 4312; x_wconf 90' lang='lat' dir='ltr'><strong>qui</strong></span> <span class='ocrx_word' id='word_1_336' title='bbox 653 4243 702 4294; x_wconf 90' lang='lat' dir='ltr'><strong>est</strong></span> <span class='ocrx_word' id='word_1_337' title='bbox 712 4256 741 4314; x_wconf 93' lang='lat' dir='ltr'><strong>p.</strong></span> <span class='ocrx_word' id='word_1_338' title='bbox 755 4236 827 4310; x_wconf 89' lang='grc'><strong>279,</strong></span> <span class='ocrx_word' id='word_1_339' title='bbox 842 4237 890 4294; x_wconf 91' lang='grc'><strong>10.</strong></span> <span class='ocrx_word' id='word_1_340' title='bbox 937 4234 1054 4294; x_wconf 81' lang='lat' dir='ltr'><strong>Ceteris</strong></span> <span class='ocrx_word' id='word_1_341' title='bbox 1065 4235 1150 4311; x_wconf 86' lang='lat' dir='ltr'><strong>loeis,</strong></span> <span class='ocrx_word' id='word_1_342' title='bbox 1173 4235 1225 4293; x_wconf 92' lang='lat' dir='ltr'><strong>ubi</strong></span> <span class='ocrx_word' id='word_1_343' title='bbox 1236 4234 1347 4293; x_wconf 85' lang='lat' dir='ltr'><strong>Kochii</strong></span> 
     </span>
     <span class='ocr_line' id='line_1_39' title="bbox 198 4336 1347 4416; baseline -0.002 -19"><span class='ocrx_word' id='word_1_344' title='bbox 198 4337 328 4398; x_wconf 85' lang='grc'><strong>66616116</strong></span> <span class='ocrx_word' id='word_1_345' title='bbox 351 4359 369 4397; x_wconf 84' lang='grc'><strong>6</strong></span> <span class='ocrx_word' id='word_1_346' title='bbox 390 4357 457 4396; x_wconf 85' lang='lat' dir='ltr'><strong>men</strong></span> <span class='ocrx_word' id='word_1_347' title='bbox 479 4336 642 4416; x_wconf 83' lang='lat' dir='ltr'><strong>discrepet,</strong></span> <span class='ocrx_word' id='word_1_348' title='bbox 676 4357 774 4396; x_wconf 85' lang='lat' dir='ltr'><strong>meam</strong></span> <span class='ocrx_word' id='word_1_349' title='bbox 797 4355 869 4396; x_wconf 83' lang='lat' dir='ltr'><strong>uere</strong></span> <span class='ocrx_word' id='word_1_350' title='bbox 891 4338 1045 4397; x_wconf 77' lang='lat' dir='ltr'><strong>continere</strong></span> <span class='ocrx_word' id='word_1_351' title='bbox 1068 4337 1195 4412; x_wconf 82' lang='lat' dir='ltr'><strong>affirmo,</strong></span> <span class='ocrx_word' id='word_1_352' title='bbox 1229 4337 1294 4396; x_wconf 88' lang='lat' dir='ltr'><strong>siue</strong></span> <span class='ocrx_word' id='word_1_353' title='bbox 1316 4337 1347 4396; x_wconf 90' lang='lat' dir='ltr'><strong>in</strong></span> 
     </span>
     <span class='ocr_line' id='line_1_40' title="bbox 198 4439 1347 4502; baseline -0.002 -2"><span class='ocrx_word' id='word_1_354' title='bbox 198 4440 414 4502; x_wconf 76' lang='lat' dir='ltr'><strong>commentario</strong></span> <span class='ocrx_word' id='word_1_355' title='bbox 436 4440 540 4500; x_wconf 86' lang='grc'><strong>6111166</strong></span> <span class='ocrx_word' id='word_1_356' title='bbox 557 4439 709 4498; x_wconf 69' lang='grc'><strong>1166111616</strong></span> <span class='ocrx_word' id='word_1_357' title='bbox 729 4459 847 4499; x_wconf 82' lang='lat' dir='ltr'><strong>errasse</strong></span> <span class='ocrx_word' id='word_1_358' title='bbox 864 4439 987 4500; x_wconf 84' lang='lat' dir='ltr'><strong>disertis</strong></span> <span class='ocrx_word' id='word_1_359' title='bbox 1004 4441 1106 4499; x_wconf 84' lang='lat' dir='ltr'><strong>uerbis</strong></span> <span class='ocrx_word' id='word_1_360' title='bbox 1125 4439 1186 4498; x_wconf 82' lang='lat' dir='ltr'><strong>dixi</strong></span> <span class='ocrx_word' id='word_1_361' title='bbox 1205 4439 1270 4498; x_wconf 89' lang='lat' dir='ltr'><strong>siue</strong></span> <span class='ocrx_word' id='word_1_362' title='bbox 1287 4459 1347 4500; x_wconf 90' lang='lat' dir='ltr'><strong>non</strong></span> 
     </span>
     <span class='ocr_line' id='line_1_41' title="bbox 198 4541 1345 4620; baseline -0.003 -17"><span class='ocrx_word' id='word_1_363' title='bbox 198 4543 269 4603; x_wconf 90' lang='lat' dir='ltr'><strong>dixi.</strong></span> <span class='ocrx_word' id='word_1_364' title='bbox 315 4541 423 4601; x_wconf 85' lang='lat' dir='ltr'><strong>Omnia</strong></span> <span class='ocrx_word' id='word_1_365' title='bbox 441 4541 515 4619; x_wconf 88' lang='lat' dir='ltr'><strong>fere,</strong></span> <span class='ocrx_word' id='word_1_366' title='bbox 539 4561 615 4618; x_wconf 83' lang='lat' dir='ltr'><strong>quae</strong></span> <span class='ocrx_word' id='word_1_367' title='bbox 634 4561 670 4601; x_wconf 90' lang='lat' dir='ltr'><strong>ex</strong></span> <span class='ocrx_word' id='word_1_368' title='bbox 690 4541 793 4602; x_wconf 79' lang='grc'><strong>6611166</strong></span> <span class='ocrx_word' id='word_1_369' title='bbox 810 4544 940 4620; x_wconf 81' lang='grc'><strong>6661661,</strong></span> <span class='ocrx_word' id='word_1_370' title='bbox 963 4544 994 4602; x_wconf 84' lang='grc'><strong>16</strong></span> <span class='ocrx_word' id='word_1_371' title='bbox 1013 4541 1226 4602; x_wconf 82' lang='lat' dir='ltr'><strong>commentario</strong></span> <span class='ocrx_word' id='word_1_372' title='bbox 1244 4541 1345 4616; x_wconf 74' lang='lat' dir='ltr'><strong>attuli,</strong></span> 
     </span>
    </p>
   </div>
   <div class='ocr_carea' id='block_1_4' title="bbox 198 4645 1346 4780">
    <p class='ocr_par' dir='ltr' id='par_1_5' title="bbox 198 4645 1346 4780">
     <span class='ocr_line' id='line_1_42' title="bbox 198 4645 1346 4722; baseline -0.002 -16"><span class='ocrx_word' id='word_1_373' title='bbox 198 4653 229 4706; x_wconf 88' lang='grc'><strong>61</strong></span> <span class='ocrx_word' id='word_1_374' title='bbox 251 4646 315 4706; x_wconf 88' lang='lat' dir='ltr'><strong>scio</strong></span> <span class='ocrx_word' id='word_1_375' title='bbox 338 4645 477 4722; x_wconf 89' lang='lat' dir='ltr'><strong>equidem</strong></span> <span class='ocrx_word' id='word_1_376' title='bbox 499 4645 595 4705; x_wconf 87' lang='grc'><strong>616116</strong></span> <span class='ocrx_word' id='word_1_377' title='bbox 617 4665 654 4704; x_wconf 86' lang='lat' dir='ltr'><strong>ex</strong></span> <span class='ocrx_word' id='word_1_378' title='bbox 675 4645 712 4704; x_wconf 88' lang='lat' dir='ltr'><strong>iis</strong></span> <span class='ocrx_word' id='word_1_379' title='bbox 734 4646 851 4706; x_wconf 87' lang='grc'><strong>16611116</strong></span> <span class='ocrx_word' id='word_1_380' title='bbox 874 4666 941 4706; x_wconf 88' lang='grc'><strong>6666</strong></span> <span class='ocrx_word' id='word_1_381' title='bbox 964 4667 1019 4706; x_wconf 90' lang='grc'><strong>666</strong></span> <span class='ocrx_word' id='word_1_382' title='bbox 1042 4645 1106 4705; x_wconf 85' lang='lat' dir='ltr'><strong>fere</strong></span> <span class='ocrx_word' id='word_1_383' title='bbox 1123 4665 1200 4722; x_wconf 82' lang='lat' dir='ltr'><strong>quae</strong></span> <span class='ocrx_word' id='word_1_384' title='bbox 1219 4665 1346 4704; x_wconf 83' lang='lat' dir='ltr'><strong>comme·</strong></span> 
     </span>
     <span class='ocr_line' id='line_1_43' title="bbox 602 4739 1143 4780; baseline 0.006 -16"><span class='ocrx_word' id='word_1_385' title='bbox 602 4761 603 4764; x_wconf 73' lang='grc'><strong>,</strong></span> <span class='ocrx_word' id='word_1_386' title='bbox 1118 4739 1143 4780; x_wconf 74' lang='lat' dir='ltr'><strong>le</strong></span> 
     </span>
    </p>
   </div>
   <div class='ocr_carea' id='block_1_5' title="bbox 0 0 1648 5244">
    <p class='ocr_par' dir='ltr' id='par_1_6' title="bbox 0 0 1648 5244">
     <span class='ocr_line' id='line_1_44' title="bbox 0 0 1648 5244; baseline 0 0"><span class='ocrx_word' id='word_1_387' title='bbox 0 0 1648 5244; x_wconf 95' lang='lat' dir='ltr'><strong> </strong></span> 
     </span>
    </p>
   </div>
  </div>
 </body>
</html>
