3286 5244
616 389 657 429 na
681 389 887 429 raovrnasrrs
911 390 957 429 111.
1322 366 1342 430 9

197 561 227 617 et
248 553 428 640 peregrina
450 553 595 638 aucupia
617 559 828 640 congereret,
851 553 880 618 si
899 552 1087 640 conchyliis
1104 547 1225 642 superi
1238 563 1339 643 atque

194 661 288 728 infe1i
327 663 430 740 maris
469 661 643 749 pigritiam
682 661 849 728 stomachi
881 662 1069 728 nausiantis
1104 664 1267 752 erigeret,
1312 666 1341 731 si

193 771 320 857 ingenti
362 793 541 858 pomorum
582 779 675 838 strue
716 773 870 858 cingeret
910 771 1038 858 primae
1078 771 1208 839 formae
1249 773 1340 840 feras

193 887 307 967 captas
331 880 437 946 multa
460 881 565 947 caede
588 882 807 946 uenantium?
846 879 970 946 Infelix
993 885 1046 946 est
1056 881 1214 968 Rutilius,
1238 884 1338 968 quod,
1358 889 1375 943 7

169 990 247 1074 equi
273 989 369 1056 illum
398 989 654 1074 damnauerunt,
688 1012 825 1055 causam
854 989 971 1056 dicent
993 990 1149 1056 omnibus
1173 991 1339 1058 saeculis?
1408 1048 1411 1058 ,

192 1098 281 1184 quod
316 1099 476 1184 aequiore
510 1100 622 1165 animo
656 1121 776 1185 passus
812 1107 864 1164 est
897 1121 933 1164 se
963 1099 1094 1186 patriae
1126 1100 1211 1186 eripi
1240 1123 1339 1185 quam

191 1207 254 1272 sibi
283 1207 444 1274 exilium?
477 1208 568 1294 quod
591 1207 707 1273 Sullae
735 1207 894 1273 dictatori
924 1207 1015 1273 solus
1045 1207 1173 1292 aliquid
1200 1209 1340 1296 negauit

191 1324 224 1382 et
254 1324 437 1382 reuocatus
471 1323 604 1382 tautum
636 1338 706 1382 non
739 1323 830 1382 retro
865 1317 970 1381 cessit
1003 1323 1037 1382 et
1064 1316 1200 1403 longius
1227 1315 1339 1403 fugit?

191 1424 389 1508 ,Uiderint“
419 1425 531 1510 inquit
560 1426 646 1511 ,isti,
662 1508 665 1514 Ι
682 1446 766 1510 quos
790 1427 920 1492 Romae
944 1423 1171 1511 deprehendit
1192 1424 1339 1492 felicitas

154 1539 254 1602 atua.
300 1534 453 1601 Uidcant
479 1533 612 1620 largum
639 1534 675 1598 in
702 1532 778 1600 foro
808 1533 1009 1620 sanguinem
1038 1541 1073 1600 et
1100 1555 1203 1620 supra
1225 1533 1338 1600 Serui·

187 1640 313 1708 lienum
340 1642 452 1708 lacmn
485 1642 534 1722 (id
566 1643 655 1707 enim
677 1642 936 1730 proscriptionis
960 1641 1119 1708 Sullanae
1142 1643 1339 1730 spoliarium

189 1755 251 1830 est)
287 1759 484 1818 senatorum
515 1751 627 1838 capita
650 1757 685 1816 et
707 1752 833 1838 passim
855 1751 1014 1838 negantis
1036 1773 1098 1837 per
1119 1751 1239 1817 urbem
1260 1767 1338 1839 per·

189 1883 364 1926 caseorum
393 1882 516 1946 greges
548 1866 582 1924 et
608 1858 716 1926 multa
743 1859 836 1925 milia
864 1859 988 1924 ciuium
1010 1860 1243 1926 Romanorum
1271 1883 1338 1927 uno

187 1968 262 2034 loco
285 1975 367 2056 post
388 1968 500 2054 fidem,
523 1969 625 2034 immo
648 1990 710 2055 per
731 1969 841 2054 ipsam
863 1967 966 2034 fidem
988 1968 1174 2034 trucidata:
1198 1968 1339 2035 uideant

151 2078 262 2162 mista,
297 2078 355 2163 qui
385 2077 519 2143 exulare
547 2099 617 2143 non
644 2075 817 2164 possunt.“
865 2076 955 2154 Quid
983 2078 1087 2163 ergo?
1119 2075 1202 2142 felix
1225 2085 1277 2144 est
1299 2079 1374 2146 L.8

188 2185 291 2270 Sulla,
322 2187 414 2271 quod
442 2185 492 2252 illi
515 2185 739 2278 descendenti
761 2185 805 2252 ad
826 2184 938 2251 fomm
960 2184 1075 2271 gladio
1099 2193 1338 2273 summouetur,

188 2296 279 2380 quod
312 2297 426 2383 capita
456 2295 523 2360 sibi
552 2294 779 2361 consularium
807 2295 957 2360 uirorum
984 2294 1113 2380 patitur
1141 2295 1276 2361 ostendi
1305 2303 1339 2362 et

188 2405 334 2490 pretium
387 2404 500 2471 caedis
549 2425 611 2491 per
655 2411 869 2488 quaestorem
915 2425 954 2468 ac
1000 2402 1133 2468 tabulas
1183 2404 1338 2490 publicas

188 2513 366 2578 numerat?
400 2521 435 2578 et
468 2511 553 2578 haec
577 2512 690 2579 omnia
711 2509 795 2578 facit
816 2511 883 2596 ille,
917 2511 975 2577 ille
998 2512 1056 2598 qui
1076 2511 1189 2598 legem
1212 2513 1338 2579 Gorne-

148 2652 174 2688 ιο
187 2621 267 2688 liam
305 2621 394 2686 tulit.
461 2619 647 2688 Ueuiamus
687 2621 730 2686 ad
762 2620 949 2707 Regulum:
995 2620 1077 2706 quid
1109 2620 1159 2686 illi
1201 2619 1373 2698 fortunas

188 2730 320 2812 nocuit,
376 2728 468 2814 quod
516 2729 612 2794 illum
662 2729 904 2794 documentum
946 2728 1042 2812 fidei,
1098 2728 1340 2796 documentum

187 2838 374 2924 patientiae
402 2837 508 2903 fecit?
551 2837 681 2924 Figunt
704 2844 816 2903 cutem
839 2837 927 2902 claui
956 2844 1000 2920 et,
1024 2859 1237 2923 quocumque
1260 2837 1338 2904 fati·

187 2955 302 3034 gatum
333 2969 456 3034 corpus
483 2946 671 3031 reclinauit,
704 2945 837 3012 uulneri
864 2945 1039 3033 incumbit,
1073 2946 1110 3010 in
1139 2952 1339 3032 perpetuam

187 3053 339 3140 uigiliam
383 3055 558 3141 susipensa
602 3062 680 3120 sunt
723 3053 866 3120 lumina:
900 3061 1027 3139 quanto
1061 3053 1137 3140 plus
1166 3054 1337 3138 tormenti,
1356 3075 1405 3129 fol.
1422 3075 1462 3128 4¹·

148 3169 283 3238 „tanto
318 3162 394 3248 plus
429 3163 494 3228 erit
526 3163 665 3248 gloriae.
710 3163 772 3230 Uis
807 3162 903 3246 scire,
939 3184 1039 3248 quam
1071 3184 1143 3228 non
1163 3161 1339 3250 paeniteat

188 3333 393 3404 laucupia‘in
409 3350 462 3403 mc.
481 3337 565 3391 iterat
581 3335 618 3391 A·
725 3331 877 3406 conchyljs
896 3333 925 3401 l,
953 3351 1021 3390 corr.
1041 3351 1085 3404 up,
1172 3333 1338 3404 deingeret

186 3437 242 3488 ¹⁴94
269 3411 449 3490 cingerelll
471 3421 590 3489 (gcorr.
608 3437 642 3475 ea·
659 3439 675 3474 c
692 3422 756 3486 fort.
774 3435 808 3474 m.
828 3419 873 3488 2);
900 3435 938 3474 aa
959 3419 1030 3486 fait:
1058 3419 1189 3488 cingeret
1208 3420 1254 3474 uel
1280 3419 1338 3486 (ull

185 3505 318 3574 primae?
362 3505 408 3560 De
426 3505 537 3576 primae
555 3507 604 3573 cfr.
623 3506 734 3562 Patron.
754 3507 796 3562 40.
901 3507 919 3559 5
937 3505 1121 3560 danauemnt
1138 3504 1157 3558 d
1175 3509 1264 3559 causa
1282 3504 1340 3572 (sed

186 3641 271 3695 dael.
291 3658 324 3697 m.
345 3641 412 3706 ul
524 3642 615 3726 seclis
634 3594 693 3713 qud¹
709 3644 739 3710 (d
757 3644 819 3698 add.
837 3661 863 3696 m
889 3642 962 3710 2)l
1079 3641 1227 3713 laylled

185 3727 203 3781 8
228 3733 315 3782 tantu
342 3733 362 3783 fi
389 3735 468 3784 retro
496 3728 585 3783 cessit
611 3729 636 3784 ἃ
662 3729 696 3785 11
727 3735 810 3788 recte.
837 3728 894 3782 uid.
924 3727 1001 3783 seur.
1023 3728 1082 3782 crit.
1098 3743 1126 3794 p.
1144 3729 1192 3794 50;
1219 3742 1290 3782 corr.
1309 3728 1339 3780 iu

185 3817 289 3936 fltantti
325 3864 344 3936 d
378 3887 457 3936 retro
485 3881 575 3938 cessit
599 3834 636 3938 δᾶ
662 3884 699 3940 Α8
822 3882 839 3935 9
865 3899 944 3952 rome
972 3881 1018 3948 Αῑ,
1044 3882 1092 3935 red
1114 3879 1227 3948 circula
1251 3895 1339 3946 pocae

186 3951 335 4023 monuit·
431 3971 464 4023 12
490 3975 613 4032 aenaton
629 3969 674 4036 l&
702 3967 850 4037 capita&
877 3967 915 4024 A²
939 3966 998 4034 (aed
1012 3969 1094 4035 priua
1112 3965 1139 4020 dc
1156 3965 1218 4026 dcl.)

602 4053 622 4092 ci
886 4054 890 4062 ’

188 4121 220 4176 13
234 4121 313 4178 ciuir'l
325 4123 328 4191 Ι
341 4109 376 4178 E.
394 4123 416 4179 Α
513 4124 545 4177 14
563 4119 682 4176 trudata
699 4121 733 4177 Α1
817 4121 850 4174 15
868 4063 906 4191 qil
924 4119 946 4177 l
1033 4121 1065 4173 16
1084 4119 1110 4174 ,1.
1129 4120 1205 4192 sylla
1222 4118 1244 4175 Α

186 4207 477 4274 descendentadfort
495 4207 546 4275 ΑΗ
569 4224 657 4276 supra
673 4209 841 4275 frequentem
858 4207 1009 4275 ligaturam
1027 4203 1041 4272 ll
1061 4205 1219 4285 solationem
1238 4203 1297 4257 cius
1315 4203 1338 4286 ti

185 4295 298 4364 scripsit
315 4293 352 4350 A·
476 4294 781 4364 gladiolsfi„mouetur
799 4289 878 4346 l¹-²
1010 4291 1040 4344 17
1060 4289 1188 4372 ostendit
1206 4289 1232 4343 dt
1250 4288 1282 4345 l·
1316 4298 1339 4372 qt

987 4383 995 4412 ῑ

186 4451 259 4504 liaeo
287 4457 449 4504 aaaaoerea
475 4449 525 4504 del.
553 4464 624 4502 mon.
652 4447 716 4512 rec.)
856 4447 888 4499 19
913 4429 1000 4526 1αοὶἁῖ
1026 4442 1062 4499 l¹
1192 4444 1226 4497 21
1253 4443 1339 4498 uerte

186 4535 262 4591 fidei.
287 4535 428 4590 documtu
445 4537 475 4588 in
494 4551 539 4603 my
567 4533 631 4587 cdd.
648 4532 686 4588 Α·
704 4538 810 4599 etpost
828 4530 997 4586 documtum
1014 4527 1160 4584 tmerosda
1178 4543 1235 4584 csse
1252 4531 1337 4598 simui·

184 4621 289 4685 decuit
394 4620 429 4674 23
450 4619 564 4674 incubit
577 4617 603 4673 Ἀ
621 4623 706 4684 (mat
723 4615 811 4676 noct>
916 4615 1086 4683 inppetuam
1103 4615 1125 4669 Α
1143 4613 1336 4681 (matifart)

289 4707 323 4760 25
342 4705 405 4773 gre
423 4704 444 4760 Α
463 4707 543 4770 (corr.
561 4703 619 4758 uid.
638 4719 673 4757 ea
690 4701 756 4772 gla)
