3286 5244
429 353 469 396 nr
492 353 679 396 coasranrra
703 353 858 396 sarrnurrs
881 353 1055 394 xvi-xvir.
1272 328 1313 392 45

164 539 251 602 qnae
282 517 489 584 contumelia
518 523 579 596 est,
608 518 701 602 quod
729 524 879 604 apparet,
910 517 1042 583 audire?
1095 516 1217 582 Coram
1246 540 1312 582 uno

163 625 292 712 aliquid
310 626 440 692 dictum
450 625 610 711 ridemus,
623 649 737 692 coram
747 626 901 712 pluribus
912 625 1138 712 indignamur,
1152 632 1314 692 eteorum

162 735 237 800 aliis
270 734 466 800 libertatem
497 758 568 801 non
589 735 826 821 relinquimus,
860 757 946 820 quae
969 734 1034 820 ipsi
1055 734 1091 798 in
1113 755 1177 800 noa
1200 735 1313 800 dicere
1346 785 1354 808 .

163 844 397 927 adsueuimus;
463 844 548 910 iocis
596 844 794 931 temperatis
845 842 1070 926 delectamur,
1136 843 1313 909 inmodicis

136 953 347 1018 airascimur.
415 951 623 1040 Chrysippus
664 955 711 1019 ait
750 951 917 1038 quendam
955 951 1178 1036 indignatum,
1222 951 1349 1037 qucd2

161 1061 256 1126 illum
279 1061 402 1145 aliquis
424 1083 604 1126 ueruecem
626 1063 793 1128 marinum
816 1060 954 1125 dixerat.
979 1060 1020 1124 In
1039 1067 1159 1126 senatu
1175 1060 1314 1126 flentem

162 1169 309 1236 uidimus
331 1169 455 1236 Fidum
478 1170 682 1263 Cornelium,
714 1169 860 1234 Nasonis
884 1168 997 1234 Ouidii
1025 1191 1202 1255 generum,
1237 1191 1314 1234 cum
1424 1153 1426 1159 ’

163 1277 256 1344 illum
280 1277 429 1344 Corbulo
460 1278 761 1345 struthocamelum
784 1277 969 1364 depilatum
993 1275 1149 1362 dixisset,
1194 1278 1313 1343 aduer-

163 1411 219 1454 sus
266 1387 333 1452 alia
365 1387 548 1453 maledicta
578 1411 691 1454 mores
725 1393 760 1452 et
792 1386 895 1452 uitam
929 1387 1001 1454 eius
1035 1387 1314 1452 conuulnerantia

128 1517 150 1554 ιι
163 1495 286 1563 frontis
315 1496 364 1561 illi
391 1495 531 1562 firmitas
560 1497 725 1580 constitit,
760 1495 922 1562 aduersus
949 1494 1015 1562 hoc
1038 1503 1109 1560 tarn
1131 1495 1313 1561 absmdum

163 1605 322 1670 lacrimae
345 1605 580 1692 prociderunt:
615 1612 713 1672 tanta
735 1607 923 1672 animorum
944 1603 1148 1668 inbecillitas
1172 1611 1233 1688 est,
1256 1604 1315 1669 ubi

163 1715 249 1780 ratio
274 1713 443 1780 discessit.
488 1714 587 1797 Quid,
617 1714 708 1799 quod
731 1713 941 1796 offendimur,
976 1712 1101 1797 siquis
1125 1723 1349 1778 sermonem3

164 1829 319 1888 nostrum
340 1823 502 1908 imitatur,
535 1823 562 1888 si
586 1823 661 1908 quis
683 1824 862 1906 incessum,
885 1822 913 1886 si
937 1822 1010 1907 quis
1032 1821 1154 1886 uitium
1177 1821 1315 1907 aliquod

166 1932 317 2018 corporis
340 1939 399 1998 aut
420 1931 556 2018 linguae
581 1930 759 2018 exprimit?
789 1930 884 2015 quasi
906 1930 1041 1996 notiora
1061 1929 1120 1995 illa
1141 1929 1225 2012 fiant
1248 1930 1314 1996 alio

130 2062 152 2100 n
166 2040 319 2105 imitante
359 2063 460 2124 quam
498 2040 597 2107 nobis
636 2038 855 2105 facientibus!
922 2038 1140 2104 Senectutem
1179 2038 1315 2124 quidam

167 2148 263 2214 inuiti
292 2148 436 2214 audiunt
465 2155 499 2214 et
528 2171 631 2215 canos
655 2147 787 2230 atalia,
822 2146 866 2212 ad
889 2169 975 2230 quae
997 2153 1078 2214 uoto
1102 2147 1312 2233 peruenitur,

166 2257 377 2342 paupertatis
421 2257 640 2322 maledictum
684 2255 849 2342 quosdam
892 2255 1050 2341 perussit,
1105 2278 1206 2341 quarn
1250 2256 1315 2323 sibi

166 2365 302 2449 obiecit,
326 2365 478 2450 quisquis
502 2365 695 2432 abscondit:
725 2365 841 2449 itaque
863 2364 1006 2430 materia
1026 2364 1257 2450 petulantibus
1281 2373 1316 2430 et

167 2495 226 2560 per
249 2473 490 2540 contumeliam
511 2474 649 2540 urbanis
673 2471 871 2546 detrahitur,
894 2473 921 2538 ai
944 2473 1033 2538 ultro
1055 2473 1148 2538 illam
1170 2480 1205 2538 et
1222 2473 1315 2560 prior

131 2605 154 2642 a
167 2603 329 2668 occupes;
352 2604 452 2648 nemo
475 2583 579 2648 risum
600 2581 766 2669 praebuit,
789 2581 847 2666 qui
870 2603 911 2646 ex
934 2605 970 2646 se
994 2581 1094 2668 cepit.
1129 2582 1350 2669 Uatinium,4

166 2689 338 2757 hominem
365 2698 484 2757 natum
507 2698 541 2756 et
564 2691 607 2757 ad
629 2691 733 2756 risum
756 2697 790 2754 et
813 2688 856 2753 ad
880 2689 1004 2773 odium,
1038 2713 1187 2755 scurram
1208 2689 1315 2757 fuisse

166 2807 348 2864 uenustum
381 2821 422 2864 ao
457 2800 610 2865 dicacem
636 2799 818 2864 memoriae
846 2799 1018 2884 proditum
1046 2805 1112 2882 eat;
1146 2799 1182 2864 in
1209 2799 1316 2885 pedes

166 2929 245 2972 suos
287 2907 362 2993 ipse
401 2908 545 2994 plurima
585 2908 722 2974 dicebat
762 2914 797 2971 et
835 2906 870 2972 iu
902 2905 1019 2983 fauces
1053 2908 1221 2973 concisas:
1267 2908 1315 2973 sio

168 3014 395 3098 inimicorum,
441 3036 526 3100 quoa
559 3015 672 3102 plures
705 3015 856 3082 habebat
889 3037 990 3100 quam
1023 3016 1167 3098 morbos,
1214 3023 1249 3080 et
1280 3017 1317 3082 in

169 3275 181 3325 1
209 3289 264 3341 que
292 3270 314 3327 li
416 3274 434 3326 4
460 3259 646 3342 adsueuimua
673 3275 754 3333 (corr.
778 3278 842 3337 tort
861 3287 894 3326 m.
912 3271 944 3342 2)
971 3270 991 3328 Α
1094 3275 1111 3328 6
1138 3275 1261 3344 berbece
1287 3274 1307 3332 Α

167 3373 233 3412 corr.
252 3373 298 3425 atq.
402 3356 418 3410 ‘l
446 3355 542 3412 Ouidii
559 3355 591 3426 l,
618 3359 730 3412 sirecte
747 3357 866 3418 onomat,
893 3373 948 3412 noa
967 3356 1061 3422 Ouidi,
1081 3367 1110 3414 at
1128 3357 1205 3414 Koct
1223 3360 1315 3416 edidit.

267 3443 285 3496 8
312 3441 428 3496 strutho
452 3442 605 3499 cumeldtl
708 3442 838 3512 depilatu
857 3440 892 3510 Α;
919 3443 1117 3512 deplumatum
1135 3446 1250 3515 Bentley
1266 3448 1317 3501 aa

166 3535 251 3594 recte,-
287 3543 353 3581 nam
382 3529 441 3582 sinc
472 3529 556 3583 datto
587 3530 710 3584 saliatica
738 3529 859 3582 Cornelii
883 3529 1071 3596 aipnifiratur,
1106 3538 1251 3600 notumque
1276 3539 1316 3588 ert

166 3613 402 3668 atudwcomelum
420 3629 475 3668 non
490 3615 601 3682 planias
619 3615 649 3667 in
667 3614 756 3684 capite
773 3615 885 3680 tubera·
900 3631 951 3698 f⁹⁰
966 3617 1059 3684 potius
1076 3615 1235 3686 depilatum
1254 3617 1283 3684 (ι’.
1294 3636 1315 3672 a.

167 3699 294 3764 calaum)
323 3705 462 3766 umquam
487 3706 566 3754 aetus
590 3699 813 3766 additamentam,
841 3701 913 3768 quod
930 3701 1069 3755 mledtctt
1085 3704 1143 3755 uim
1159 3703 1315 3770 explicaret,

167 3785 329 3839 mabam.
433 3785 450 3838 9
477 3791 506 3839 et
534 3784 625 3838 uitam
652 3801 695 3853 up.
715 3784 779 3838 inde
796 3785 831 3838 ab
850 3785 983 3851 Ertantm
1011 3785 1150 3842 &uitiati
1253 3787 1315 3842 eius

168 3885 409 3940 conuulnerantia
426 3885 538 3953 scriptu
557 3871 787 3969 dtuulnerantia
807 3887 842 3952 Α;
860 3889 894 3956 dr,
913 3889 986 3956 quod
1003 3906 1037 3943 ec
1055 3887 1089 3944 ei’
1104 3896 1192 3945 crtum
1206 3891 1315 3958 putori,

167 4005 208 4058 up.
228 3988 372 4044 omittitur.
470 3990 500 4043 11
520 3988 697 4044 inbecillitas
721 3988 747 4056 (s
766 4005 834 4045 coar.
854 4009 888 4045 cr
905 3990 970 4056 ul
1074 3993 1106 4046 u
1124 3990 1241 4060 quidam
1259 4007 1315 4060 upa

167 4073 291 4142 qdemll
395 4075 427 4128 17
453 4079 511 4144 qut
527 4073 579 4138 Αῐς
607 4076 634 4130 ,1.
653 4079 793 4144 pauptate
810 4077 841 4130 ia
858 4092 909 4143 my.
928 4074 964 4131 li⁶
1066 4083 1133 4144 port
1155 4075 1211 4130 sibi
1229 4091 1315 4146 supra

166 4175 274 4214 worm
293 4177 322 4214 .s.
341 4159 398 4228 ipsi
416 4159 479 4214 odd.
499 4158 534 4215 t⁰
642 4163 674 4216 18
691 4161 766 4230 itaq;
793 4161 823 4224 li,
851 4163 923 4230 quod
948 4178 1020 4216 nunc
1036 4169 1105 4217 recte
1121 4161 1219 4216 tatae
1234 4169 1314 4230 puto3

165 4253 206 4300 cst
223 4245 297 4302 caint
314 4246 449 4300 motusic
467 4261 501 4299 en
519 4249 666 4302 contrario.
769 4249 803 4300 20
822 4247 900 4317 cepit
918 4245 946 4312 Α,
965 4247 1037 4316 quod
1052 4254 1145 4302 atrum
1163 4247 1259 4317 coepit
1277 4267 1316 4304 aa

166 4331 244 4402 cepit
261 4331 406 4399 mortificet,
424 4331 547 4396 dubitari
558 4339 665 4399 potem
683 4333 748 4387 nati
766 4339 797 4386 att
811 4335 950 4400 plerisque
967 4333 1026 4387 edd·
1045 4333 1123 4401 cepit
1139 4333 1165 4388 Ιι.
1179 4335 1196 4387 t.
1214 4335 1315 4390 racana

167 4417 282 4478 uidetur,
310 4431 377 4470 num
393 4415 418 4470 ti
437 4415 533 4485 coepit
551 4418 687 4485 satiatur,
708 4435 743 4472 ex
762 4437 792 4472 sc
811 4419 861 4472 au
879 4419 956 4473 aliud
973 4435 1054 4486 ortam
1072 4437 1090 4472 a
1107 4437 1139 4473 ae
1157 4421 1316 4487 sipnificcre

162 4509 259 4570 potest,
285 4509 312 4556 et
333 4519 351 4556 a
374 4519 405 4558 se
427 4502 518 4557 risum
541 4501 671 4572 coepisse
693 4503 719 4557 ia
744 4511 851 4558 mutum
868 4505 925 4560 dici
939 4510 1038 4572 potest,
1066 4505 1112 4572 qui
1129 4504 1227 4560 danda
1244 4507 1315 4562 alios

165 4587 244 4656 ridet,
270 4587 304 4643 dc
329 4603 381 4656 quo
403 4587 689 4656 terminataque.
793 4591 828 4644 22
854 4597 1010 4646 uenantum
1036 4607 1081 4658 up.
1098 4589 1163 4644 inde
1180 4607 1199 4644 α
1218 4589 1314 4646 Gotho

165 4673 257 4742 sred03
276 4673 301 4728 dr
319 4677 445 4728 uenusttl
464 4672 486 4729 li
1037 4683 1041 4692 '
