3286 5244
290 349 333 415 26
389 365 392 371 '
524 373 552 414 a.
576 371 694 414 suanm
716 343 851 414 saracin
873 371 1074 424 arenosam
1096 373 1156 414 ara.
1180 373 1213 414 11.

289 537 426 603 ritatem
447 537 638 624 praeceptis
660 537 783 604 uestris
806 536 1002 603 detrahant:
1036 559 1161 624 magna
1182 537 1380 628 promittitis
1403 547 1440 604 et

291 669 377 733 quae
415 668 459 713 ne
497 648 607 734 optari
639 646 790 732 quidem,
834 647 961 713 nedum
994 647 1087 713 credi
1118 647 1268 734 possint5
1314 647 1440 713 deinde

289 756 444 844 ingentia
470 757 586 841 locuti,
620 778 696 821 cum
728 777 912 842 pauperem
944 757 1095 843 negastis
1129 779 1205 823 esse
1239 756 1438 844 sapientem,

289 888 359 931 non
396 864 531 952 negatis
564 866 674 932 solere
706 865 756 930 iili
790 872 824 930 et
857 886 992 930 seruum
1025 871 1061 931 et
1094 871 1223 932 tectum
1256 872 1292 931 et
1324 866 1437 932 cibum

291 975 419 1060 deesse,
453 997 529 1040 curn
556 975 746 1062 sapientem
773 974 924 1059 negastis
952 973 1109 1058 insanire,
1143 997 1213 1040 non
1240 973 1373 1061 negatis
1402 981 1465 1046 eta

289 1083 429 1150 alienari
463 1089 497 1149 et
528 1105 648 1170 parum
681 1106 764 1149 sana
795 1082 901 1148 uerba
934 1083 1089 1148 emittere
1118 1095 1152 1148 et
1185 1083 1348 1169 quioquid
1384 1083 1437 1149 uis

288 1192 397 1258 morbi
420 1193 515 1279 cogit
537 1189 671 1276 audere,
706 1213 783 1256 oum
805 1191 994 1277 sapientem
1015 1192 1168 1279 negastis
1191 1213 1328 1257 seruum
1350 1213 1436 1277 essa,

287 1301 379 1367 idem
406 1322 476 1366 non
502 1301 560 1366 itis
587 1300 714 1366 infitias
743 1306 778 1365 et
805 1300 997 1365 ueniturum
1024 1308 1060 1365 et
1080 1301 1247 1388 imperata
1268 1299 1438 1366 facturum

289 1416 324 1476 et
368 1409 506 1476 domino
551 1431 612 1476 suo
658 1409 795 1476 seruilia
837 1415 1086 1494 praestaturum
1129 1409 1332 1494 ministeria;
1386 1409 1438 1474 ita

288 1517 423 1584 sublato
457 1518 524 1584 alte
552 1517 734 1606 supercilio
762 1518 798 1583 in
827 1517 945 1582 eadem
975 1540 1062 1603 quae
1091 1519 1198 1584 ceteri
1226 1517 1435 1584 descenditis
1450 1553 1476 1591 ιο

254 1627 427 1694 amutatis
456 1649 570 1694 rerum
596 1626 800 1693 nominibus.
844 1626 926 1691 'Pale
953 1626 1069 1712 itaque
1099 1626 1225 1713 aliquid
1256 1633 1291 1692 et
1312 1627 1349 1692 in
1370 1625 1436 1692 hoc

289 1757 364 1802 esse
392 1737 555 1824 suspicor,
590 1736 681 1822 quod
708 1736 817 1822 prima
843 1735 957 1822 specie
980 1735 1158 1822 pulchrum
1181 1741 1283 1821 atque
1304 1735 1435 1820 magni·

287 1843 389 1910 ficum
412 1851 474 1930 est,
502 1869 568 1910 nec
590 1846 747 1911 iniuriam
769 1867 833 1911 nec
856 1843 1097 1938 contumeliam
1119 1851 1337 1930 accepturum
1361 1866 1436 1909 ease

288 1953 486 2039 sapientem.
520 1954 665 2020 Multum
687 1961 800 2019 autem
821 1954 973 2038 interest,
996 1959 1110 2018 utrum
1132 1952 1320 2040 sapientem
1340 1959 1437 2018 extra

287 2061 558 2148 indignationem
598 2085 641 2128 an
688 2070 784 2128 extra
815 2062 973 2128 iniuriam
1004 2084 1127 2148 ponas;
1172 2084 1251 2127 narn
1287 2062 1316 2126 si
1349 2061 1435 2127 diois
1450 2099 1475 2136 ι,

287 2169 381 2235 illum
420 2193 529 2256 aequo
563 2171 675 2237 animo
708 2172 869 2256 laturum,
912 2169 1043 2236 nullum
1073 2170 1179 2236 habet
1210 2169 1436 2256 priuilegium,

288 2279 434 2366 contigit
463 2279 513 2345 illi
540 2302 595 2345 res
622 2280 772 2367 uulgaris
801 2285 837 2346 et
865 2301 951 2364 quae
980 2278 1121 2344 discitur
1142 2279 1218 2364 ipsa
1239 2279 1437 2344 iniuriamm

288 2387 496 2474 assiduitate,
531 2388 712 2474 patientia;
747 2388 774 2452 si
806 2409 914 2473 negas
948 2395 1166 2475 accepturum
1200 2387 1366 2471 iniuriam,
1399 2385 1435 2452 id

288 2501 341 2562 est
378 2497 547 2562 neminem
585 2495 635 2562 illi
667 2501 910 2582 temptaturum
941 2494 1072 2588 facere,
1117 2495 1273 2561 omnibus
1306 2494 1434 2560 relictis

252 2606 434 2691 3negotiis
447 2605 583 2671 Stoicus
604 2605 680 2671 fio.“
725 2605 801 2691 Ego
824 2627 905 2670 uero
930 2606 1120 2692 sapientem
1142 2624 1211 2669 non
1233 2602 1476 2689 imaginario„

285 2711 414 2780 honore
442 2714 624 2781 uerborum
652 2735 815 2780 exornare
844 2713 1015 2798 constitui,
1049 2712 1110 2778 sed
1133 2735 1173 2778 eo
1195 2713 1273 2778 loco
1295 2733 1433 2798 ponera

286 2845 352 2907 quo
375 2823 469 2890 nulla
491 2824 705 2910 permittatur
726 2822 858 2888 inimia.
904 2821 994 2899 Quid
1017 2823 1122 2908 ergo?
1155 2842 1254 2886 nemo
1279 2820 1352 2905 erit,
1377 2819 1435 2904 qui

283 2932 440 3017 lacessat,
464 2933 522 3018 qui
543 2933 710 3018 temptet?
761 2930 853 2996 Nihil
875 2931 911 2996 in
932 2952 1044 2996 rerum
1066 2937 1188 2995 natura
1209 2935 1280 2994 tam
1302 2950 1435 2996 sacrum

286 3047 347 3126 est,
382 3041 474 3126 quod
504 3039 704 3126 sacrilegum
731 3061 802 3105 non
829 3038 993 3123 inueniat,
1026 3038 1087 3103 sed
1114 3059 1184 3102 non
1211 3037 1289 3104 ideo
1318 3036 1435 3103 diuina

284 3149 394 3215 minus
433 3150 469 3215 in
502 3147 638 3214 sublimi
671 3155 764 3232 sunt,
798 3148 827 3213 si
861 3147 1038 3232 exsistunt,
1074 3146 1132 3231 qui
1163 3145 1435 3233 magnitudinem
1449 3189 1475 3226 2⁶

284 3257 428 3324 multum
456 3257 547 3323 ultra
568 3279 605 3322 se
626 3257 774 3344 positam
795 3278 865 3322 non
887 3256 1011 3321 tacturi
1034 3261 1208 3342 appetant.
1274 3253 1434 3320 Inuulne·

283 3431 355 3484 2ne
372 3428 412 3484 du
429 3428 451 3485 Α
469 3427 620 3493 diiuncta,
637 3434 669 3483 al
684 3429 760 3484 solet.
885 3377 1027 3482 sistente
1045 3426 1098 3494 Δις
1119 3427 1151 3481 ta
1167 3443 1219 3496 osy.
1238 3425 1275 3483 Α*
1295 3433 1346 3482 nat
1361 3443 1435 3482 mn.

283 3516 430 3570 recentior:
456 3511 518 3580 Η.
541 3511 659 3580 uestitu,
686 3512 743 3568 aid.
762 3512 840 3568 Slud.
859 3512 918 3568 crit.
933 3529 963 3580 p.
982 3515 1023 3568 16.
1144 3513 1160 3566 l
1188 3511 1434 3582 cogitffauderell

285 3621 365 3672 laras.
392 3601 416 3699 t)
520 3613 663 3672 esseidem
680 3613 727 3683 A¹3
750 3623 849 3684 postea
874 3631 966 3683 poma
991 3631 1095 3670 rasura
1117 3616 1202 3670 uerba
1219 3615 1345 3671 diiuncta
1361 3623 1433 3670 saal.

385 3755 404 3808 8
420 3703 599 3808 itishinfitias
617 3751 647 3820 Α,
671 3753 720 3807 aed
742 3752 774 3807 in
791 3769 812 3806 a
832 3770 858 3808 a.
876 3752 940 3808 add.
958 3751 1006 3819 A',
1030 3753 1256 3822 praecedentia
1274 3768 1325 3822 my.
1344 3753 1433 3807 aanor.
1539 3833 1543 3838 Ι

284 3839 401 3896 Inficias
420 3839 446 3895 .i.
464 3838 643 3906 Negationea
718 3839 734 3892 9
752 3837 809 3894 dllo
827 3837 849 3894 Α
866 3840 918 3906 (sio
934 3837 994 3904 fere
1010 3853 1114 3906 amager
1132 3837 1195 3906 dila
1213 3837 1290 3906 dnm,
1309 3837 1359 3892 dni
1378 3839 1434 3904 cla,

283 3928 366 3980 eliam
384 3924 465 3990 dllill)
569 3928 738 3993 prestatura
757 3922 809 3991 Α“;
826 3925 858 3978 ia
873 3939 925 3992 ma.
945 3924 995 3980 A‘:
1014 3927 1149 3992 petaturu
1253 3926 1284 3978 10
1303 3923 1393 3996 ceteri
1412 3923 1434 3980 Α

387 4063 420 4116 16
445 4021 574 4131 ⁴liuilegill
601 4058 635 4126 Α,
662 4061 702 4114 sic
729 4075 811 4128 saepe
837 4061 944 4128 syllaba
970 4059 1015 4129 pri
1041 4067 1163 4127 nolam,
1188 4063 1254 4115 aaa
1277 4060 1323 4128 tri,
1350 4067 1382 4116 al
1404 4063 1435 4114 ia

283 4149 396 4256 debito
412 4217 440 4268 p.
458 4201 503 4266 29,
522 4200 568 4265 13;
588 4197 678 4251 eodem
694 4197 773 4251 modo
790 4197 890 4264 (supra
906 4197 1010 4264 scapio
1028 4199 1061 4260 a)
1078 4197 1200 4264 syllabae
1218 4205 1264 4252 tra
1281 4205 1307 4252 et
1324 4215 1386 4266 gre,
1403 4204 1435 4253 al

282 4337 365 4408 pm,
384 4338 421 4392 12
438 4295 602 4406 pensionis.
619 4350 647 4403 p.
666 4335 710 4401 28,
733 4335 771 4387 20
788 4293 861 4402 guis,
879 4339 906 4388 el
923 4349 1004 4402 saepe
1022 4294 1059 4400 ti,
1083 4293 1131 4401 cii,
1159 4293 1221 4403 exi;
1248 4335 1339 4390 eodem
1356 4335 1433 4390 modo

284 4475 341 4539 (aa.
357 4473 386 4539 υ)
404 4473 511 4541 syllaba
528 4477 583 4538 tro,
600 4477 632 4526 ut
647 4485 674 4540 p.
692 4469 738 4536 27,
757 4470 792 4524 14
809 4429 862 4536 uli,
876 4484 898 4537 p
915 4469 1005 4536 32,13
1023 4478 1049 4524 el
1066 4473 1110 4537 33,
1118 4472 1154 4557 Ι16
1171 4431 1260 4526 iniitu
1278 4477 1304 4527 et
1321 4431 1373 4538 lai)

283 4611 318 4664 20
336 4568 355 4664 i
373 4608 395 4665 Α
412 4609 476 4678 (pro
494 4627 577 4675 uero;
595 4609 705 4676 caepim
722 4593 759 4660 uo
778 4605 917 4672 emblem)
974 4606 1009 4660 23
1026 4607 1163 4676 lacessiat
1181 4607 1203 4664 Α
1253 4609 1288 4664 26
1304 4609 1433 4664 iltacturi

284 4694 331 4763 ΑΙ,
350 4701 381 4750 al
399 4695 469 4750 corni.
489 4691 641 4758 linteatum
657 4699 755 4762 postca
775 4697 785 4745 t
802 4705 911 4746 aonam
930 4697 970 4744 eal
987 4691 1143 4759 (macrini)
