3222 5246
265 335 309 400 80
494 359 521 398 a.
546 357 663 398 aarum
685 355 821 398 suuacas
843 354 1044 398 nrsnooosvu
1066 356 1127 396 nra.
1150 356 1192 396 rv.

267 521 347 587 dato
388 519 599 586 ferocissimo
640 519 739 584 militi
780 519 916 606 paulum
958 541 1070 604 genua
1111 527 1336 602 tremuerunt,
1382 525 1418 583 et

265 651 388 715 magno
422 630 627 716 imperatori,
662 635 740 694 ante
775 649 875 713 quarn
908 628 998 693 inter
1031 651 1067 694 ss
1103 629 1191 694 acies
1222 627 1414 710 arietarent,

266 761 324 804 cor
354 737 480 821 exiluit,
515 745 550 802 et
579 737 704 803 oratori
733 737 1018 822 eloquentissima
1054 736 1133 802 dum
1163 736 1206 802 ad
1235 735 1416 806 dicendum

231 847 478 934 4conponitur,
521 867 649 912 summa
682 845 867 932 rigucrrmt.
931 846 988 911 Ira
1019 867 1089 912 non
1122 846 1251 911 moueri
1284 850 1415 911 tantum

265 955 377 1040 debet,
402 955 462 1021 sed
486 976 678 1036 excurrerc3
714 961 766 1019 est
789 955 878 1020 enim
900 955 1061 1041 impetus,
1095 975 1278 1040 numquam
1301 960 1447 1019 autema

264 1065 411 1150 impetus
441 1064 514 1129 sina
537 1062 685 1129 adsensu
705 1064 829 1130 mentis
853 1071 914 1149 est,
948 1087 1058 1149 neque
1083 1063 1173 1128 enim
1194 1062 1268 1128 fieri
1290 1070 1413 1149 potest,

265 1180 303 1236 ut
331 1171 373 1236 de
403 1171 532 1236 ultione
562 1178 596 1236 et
624 1193 735 1259 poena
758 1179 879 1258 agatur
901 1173 1012 1240 animo
1035 1172 1220 1238 nesciente.
1276 1171 1415 1236 Putauit

266 1303 302 1345 se
325 1279 445 1365 aliquis
468 1279 607 1365 laesum,
642 1281 752 1346 uoluit
774 1281 900 1365 ulcisci,
937 1281 1154 1347 dissuadente
1178 1280 1291 1365 aliqua
1313 1301 1415 1345 causa

264 1388 379 1454 statim
401 1387 544 1454 resedit:
578 1387 666 1454 hanc
688 1390 773 1454 iram
795 1412 863 1456 non
885 1411 982 1474 uoco,
1016 1396 1145 1455 motum
1168 1388 1271 1454 animi
1292 1388 1415 1454 rationi

265 1503 456 1583 parentem,
501 1495 560 1563 illa
594 1505 647 1562 est
678 1499 745 1582 ira,
790 1520 876 1583 quae
909 1499 1075 1564 rationem
1108 1498 1284 1582 transsiiit,
1328 1519 1459 1583 quaero

230 1621 247 1674 5
266 1627 380 1672 secum
402 1605 501 1692 rapit.
546 1606 638 1692 Ergo
661 1607 769 1693 prima
791 1607 849 1673 illa
866 1607 1008 1694 agitatio
1027 1607 1140 1690 animi,
1163 1628 1265 1692 quam
1283 1607 1415 1693 species

264 1713 407 1778 iniuriae
440 1714 592 1799 incussit,
625 1738 695 1782 non
728 1717 835 1802 magis
868 1717 919 1782 ira
953 1723 1004 1782 est
1038 1737 1139 1801 quam
1172 1716 1247 1802 ipsa
1273 1715 1415 1781 iniuriae

265 1822 413 1908 species;
448 1822 504 1888 iile
539 1847 684 1910 sequens
713 1826 875 1912 impetus,
910 1825 966 1910 qui
996 1825 1145 1912 speciem
1173 1824 1316 1890 iniuriae
1346 1846 1416 1890 non

265 1938 398 1996 tantum
425 1933 568 2018 accepit,
602 1934 664 1999 sed
693 1933 904 2020 adprobarrit,
938 1935 988 2000 ira
1011 1943 1072 2018 est,
1106 1933 1290 1999 concitatio
1313 1933 1416 1998 animi

266 2040 310 2104 ad
342 2039 505 2106 ultionem
538 2042 715 2107 uoluntate
750 2050 786 2106 et
817 2041 942 2108 iudicio
976 2042 1158 2130 pergentis.
1225 2043 1416 2127 Numquam
1430 2071 1457 2106 ra

266 2147 405 2213 dubium
429 2155 490 2233 est,
520 2151 601 2234 quin
622 2151 724 2216 timor
745 2148 862 2236 fugam
883 2148 1020 2234 habeat,
1050 2152 1100 2216 ira
1122 2151 1301 2237 impeturn:
1335 2149 1415 2216 uide

267 2279 359 2344 ergo,
389 2279 433 2322 an
455 2265 555 2344 putes
578 2258 706 2343 aliquid
729 2259 801 2324 sine
825 2259 970 2326 adsensu
992 2259 1116 2326 mentis
1138 2267 1198 2326 aut
1219 2259 1291 2346 peti
1314 2281 1416 2347 posse

267 2373 325 2434 aut
347 2367 470 2432 caueri.

234 2487 248 2538 1
352 2474 411 2540 IV.
456 2474 503 2538 Et
535 2483 573 2539 ut
606 2477 702 2560 scias,
747 2475 1030 2562 quemadmodum
1062 2476 1227 2562 incipiant
1260 2475 1416 2542 adfectus

266 2591 325 2648 aut
353 2591 509 2648 crescant
537 2590 596 2647 aut
618 2583 811 2670 efferantur,
845 2593 898 2650 est
919 2585 1045 2672 primus
1067 2592 1180 2650 motus
1203 2607 1273 2650 non
1294 2585 1415 2651 uolun·
1430 2613 1455 2650 a

266 2692 382 2776 tarius,
405 2692 501 2777 quasi
524 2693 736 2778 praeparatio
761 2691 915 2760 adfectus
938 2702 974 2760 et
996 2694 1163 2780 quaedam
1183 2694 1415 2776 comminatio;

267 2801 354 2866 alter
376 2821 452 2866 cum
475 2800 649 2866 uoluntate
673 2822 742 2868 non
765 2803 967 2886 contumaci,
991 2810 1163 2888 tamquam
1186 2810 1343 2890 oporteat
1361 2825 1416 2868 me

265 2909 440 2994 uindicari,
465 2931 540 2974 cum
561 2909 673 2976 laesus
696 2912 769 2996 sim,
798 2920 857 2977 aut
881 2918 1038 2999 oporteat
1058 2911 1150 2977 hunc
1173 2934 1300 2998 poenas
1324 2911 1415 2996 dare,

266 3039 343 3083 cum
371 3017 481 3082 scelus
509 3016 644 3102 fecerit,
679 3020 798 3085 tertius
827 3027 939 3086 motus
968 3029 1021 3086 est
1048 3021 1116 3086 ianr
1145 3020 1324 3108 impotens,
1358 3021 1416 3106 qui

264 3148 344 3208 non,
384 3127 413 3190 si
446 3133 590 3212 oportet,
629 3128 748 3194 ulcisci
781 3129 864 3212 uult,
903 3129 965 3194 sed
997 3129 1123 3215 utique,
1158 3129 1216 3213 qui
1248 3128 1415 3194 rationem
1428 3157 1453 3192 a

231 3232 379 3298 aeuicit.
435 3233 585 3300 Primum
616 3235 712 3301 illum
741 3237 843 3302 animi
872 3238 979 3304 ictum
1007 3235 1156 3323 effugere
1185 3237 1316 3302 ratione
1344 3258 1416 3302 non

266 3363 453 3428 possumus,
493 3343 581 3409 sicut
613 3367 656 3410 ne
690 3345 748 3410 illa
781 3345 926 3430 quidem,
962 3367 1047 3431 quae
1082 3345 1225 3410 diximus
1258 3345 1414 3410 accidere

267 3450 473 3536 corporibus,
507 3473 550 3516 ne
578 3473 640 3518 nos
670 3454 825 3520 oscitatio
854 3455 965 3520 aliona
992 3453 1160 3537 sollicitet,
1193 3475 1237 3518 ne
1260 3453 1349 3519 oculi
1372 3453 1416 3518 ad

266 3558 530 3624 intentationem
564 3559 709 3626 subitam
738 3562 922 3648 digitorum
950 3563 1218 3648 conprimantur:
1251 3562 1320 3628 ista
1345 3585 1416 3628 non

266 3811 396 3884 ‘liniges
415 3816 465 3884 A&
483 3816 592 3874 interea
611 3819 646 3876 Λι
736 3821 753 3872 3
776 3819 899 3888 exigarit
917 3821 966 3890 A',
991 3820 1106 3878 exilluit
1122 3823 1187 3888 sort
1206 3821 1239 3877 A*
1262 3821 1304 3888 (ut
1321 3821 1415 3875 deira

267 3902 329 3966 111,
347 3905 372 3970 4,
391 3901 419 3968 1)
523 3904 752 3974 eloquentissimo
770 3906 805 3963 Μ
910 3907 1062 3977 5i1rpetus
1080 3907 1187 3975 (pr-iore
1204 3907 1312 3972 loco)d

266 3991 283 4042 6
310 3987 436 4058 impetus
462 3989 561 4055 (altero
579 3991 646 4056 loco)
673 4008 733 4046 urm
749 4007 804 4046 uuo
823 3989 844 4048 D
863 3993 1010 4048 tollendum
1028 4000 1116 4048 caract
1134 3992 1259 4062 Moduiq,
1287 3993 1335 4046 sed
1351 3994 1413 4058 cfr..

266 4090 336 4142 quoe
361 4075 440 4140 infra
467 4092 492 4128 a
521 4077 554 4128 15
579 4092 636 4146 sqq.
664 4077 798 4146 loquutur.
916 4095 1037 4133 aasanmr
1064 4079 1109 4144 d⁵,
1136 4081 1200 4132 itan
1225 4097 1251 4132 a.
1279 4080 1312 4132 17

267 4158 282 4212 7
300 4175 376 4231 pena
394 4159 423 4224 Α,
441 4167 472 4214 at
489 4163 564 4216 colet.
638 4163 655 4216 9
673 4162 942 4232 hanc..parentem
959 4165 1015 4219 uid.
1036 4163 1113 4220 Sura
1133 4166 1190 4218 aar
1207 4180 1234 4232 ρ.
1252 4165 1287 4218 81
1305 4179 1343 4232 aq.

268 4247 300 4298 10
326 4245 497 4312 trans2silit
523 4246 544 4302 Α
571 4247 635 4314 (cfr.
653 4249 697 4302 od.
714 4265 741 4317 p.
759 4250 801 4316 35,
819 4249 848 4316 6)
953 4251 985 4305 12
1010 4268 1048 4316 so.
1065 4257 1127 4318 pose
1153 4248 1275 4304 iniuriae
1302 4249 1412 4319 species

268 4329 422 4399 Stephanus
441 4333 530 4402 Epist.
550 4334 588 4386 od
604 4333 812 4402 Dclecompr'um
827 4352 855 4404 p.
874 4337 924 4390 119
942 4337 994 4402 (ed.
1012 4336 1107 4391 Paris.
1131 4335 1209 4401 158⁶)
1236 4335 1343 4390 iniuria
1369 4343 1413 4390 est

267 4417 422 4473 addendum
449 4425 543 4486 amet,
570 4421 621 4473 uia
643 4427 716 4474 recto.
823 4422 854 4474 14
880 4421 1055 4491 approbauit
1073 4421 1108 4478 A⁶
1215 4423 1247 4475 16
1273 4421 1413 4492 inpetud

371 4505 402 4558 17
430 4503 539 4573 aliquid
566 4503 597 4570 (d
614 4520 647 4558 ca·
663 4511 677 4558 t
695 4506 776 4570 corr.)
802 4506 839 4562 d*
943 4507 978 4562 23
1004 4513 1138 4578 oporteat
1164 4505 1242 4562 hunc
1266 4505 1285 4564 L
1309 4515 1340 4562 ut
1356 4523 1413 4576 ¹⁴93

267 4591 379 4657 oport&
396 4589 474 4644 hunc
493 4591 514 4646 Α
599 4591 633 4644 25
652 4590 764 4646 ratione
782 4609 828 4648 me
846 4592 919 4646 uicit
937 4593 967 4660 Α,
985 4609 1055 4648 con.
1073 4607 1118 4661 uo.
1136 4589 1181 4659 (L)
1266 4595 1301 4648 29
1318 4593 1414 4649 intan-

266 4673 409 4731 tationem
427 4675 554 4731 subitam
571 4673 591 4732 L
608 4683 640 4731 at
656 4693 714 4746 aa,
732 4677 964 4748 inpotentationa
983 4679 1080 4734 subita
1097 4681 1120 4736 Δ
