<?xml version="1.0" encoding="UTF-8"?>
<!DOCTYPE html PUBLIC "-//W3C//DTD XHTML 1.0 Transitional//EN"
    "http://www.w3.org/TR/xhtml1/DTD/xhtml1-transitional.dtd">
<html xmlns="http://www.w3.org/1999/xhtml" xml:lang="en" lang="en">
 <head>
  <title>
</title>
<meta http-equiv="Content-Type" content="text/html;charset=utf-8" />
  <meta name='ocr-system' content='tesseract 3.04.00' />
  <meta name='ocr-capabilities' content='ocr_page ocr_carea ocr_par ocr_line ocrx_word'/>
</head>
<body>
  <div class='ocr_page' id='page_1' title='image "./lannaeisenecaed00senegoog/lannaeisenecaed00senegoog_0188.png"; bbox 0 0 3222 5246; ppageno 0'>
   <div class='ocr_carea' id='block_1_1' title="bbox 453 331 1276 417">
    <p class='ocr_par' dir='ltr' id='par_1_1' title="bbox 453 331 1276 417">
     <span class='ocr_line' id='line_1_1' title="bbox 453 331 1276 417; baseline -0.006 -16"><span class='ocrx_word' id='word_1_1' title='bbox 453 360 494 401; x_wconf 85' lang='lat' dir='ltr'><strong>un</strong></span> <span class='ocrx_word' id='word_1_2' title='bbox 515 357 569 400; x_wconf 79' lang='lat' dir='ltr'><strong>ma</strong></span> <span class='ocrx_word' id='word_1_3' title='bbox 592 357 652 400; x_wconf 85' lang='lat' dir='ltr'><strong>nra.</strong></span> <span class='ocrx_word' id='word_1_4' title='bbox 674 356 723 417; x_wconf 80' lang='lat'>111,</span> <span class='ocrx_word' id='word_1_5' title='bbox 745 355 947 397; x_wconf 78' lang='lat' dir='ltr'><strong>xxm-xxm.</strong></span> <span class='ocrx_word' id='word_1_6' title='bbox 1215 331 1276 396; x_wconf 83' lang='lat'><strong>143</strong></span> 
     </span>
    </p>
   </div>
   <div class='ocr_carea' id='block_1_2' title="bbox 106 518 1421 3223">
    <p class='ocr_par' dir='ltr' id='par_1_2' title="bbox 106 518 1421 3223">
     <span class='ocr_line' id='line_1_2' title="bbox 142 518 1275 608; baseline 0 -23"><span class='ocrx_word' id='word_1_7' title='bbox 142 522 291 588; x_wconf 87' lang='lat' dir='ltr'><strong>conuiuas</strong></span> <span class='ocrx_word' id='word_1_8' title='bbox 314 543 394 589; x_wconf 87' lang='lat' dir='ltr'><strong>suos</strong></span> <span class='ocrx_word' id='word_1_9' title='bbox 416 522 609 608; x_wconf 84' lang='lat' dir='ltr'><strong>torquebat,</strong></span> <span class='ocrx_word' id='word_1_10' title='bbox 633 521 751 607; x_wconf 85' lang='lat' dir='ltr'><strong>quiex</strong></span> <span class='ocrx_word' id='word_1_11' title='bbox 770 519 902 585; x_wconf 91' lang='lat' dir='ltr'><strong>duobus</strong></span> <span class='ocrx_word' id='word_1_12' title='bbox 921 518 1048 604; x_wconf 82' lang='lat' dir='ltr'><strong>amicis,</strong></span> <span class='ocrx_word' id='word_1_13' title='bbox 1072 541 1156 604; x_wconf 89' lang='lat' dir='ltr'><strong>quos</strong></span> <span class='ocrx_word' id='word_1_14' title='bbox 1173 521 1275 606; x_wconf 91' lang='lat' dir='ltr'><strong>paulo</strong></span> 
     </span>
     <span class='ocr_line' id='line_1_3' title="bbox 140 627 1276 717; baseline 0 -23"><span class='ocrx_word' id='word_1_15' title='bbox 140 637 215 694; x_wconf 86' lang='lat' dir='ltr'><strong>ante</strong></span> <span class='ocrx_word' id='word_1_16' title='bbox 239 629 362 717; x_wconf 87' lang='lat' dir='ltr'><strong>rettuli,</strong></span> <span class='ocrx_word' id='word_1_17' title='bbox 392 631 535 698; x_wconf 87' lang='lat' dir='ltr'><strong>alterum</strong></span> <span class='ocrx_word' id='word_1_18' title='bbox 562 630 657 696; x_wconf 85' lang='lat' dir='ltr'><strong>ferae</strong></span> <span class='ocrx_word' id='word_1_19' title='bbox 690 627 834 713; x_wconf 87' lang='lat' dir='ltr'><strong>obiecit,</strong></span> <span class='ocrx_word' id='word_1_20' title='bbox 868 627 1011 693; x_wconf 86' lang='lat' dir='ltr'><strong>alterum</strong></span> <span class='ocrx_word' id='word_1_21' title='bbox 1044 629 1123 694; x_wconf 89' lang='lat' dir='ltr'><strong>sibi:</strong></span> <span class='ocrx_word' id='word_1_22' title='bbox 1159 651 1201 694; x_wconf 81' lang='lat' dir='ltr'><strong>ex</strong></span> <span class='ocrx_word' id='word_1_23' title='bbox 1223 628 1276 694; x_wconf 91' lang='lat' dir='ltr'><strong>his</strong></span> 
     </span>
     <span class='ocr_line' id='line_1_4' title="bbox 141 736 1312 826; baseline -0.007 -22"><span class='ocrx_word' id='word_1_24' title='bbox 141 739 264 806; x_wconf 91' lang='lat' dir='ltr'><strong>duobus</strong></span> <span class='ocrx_word' id='word_1_25' title='bbox 291 747 407 807; x_wconf 85' lang='lat' dir='ltr'><strong>tamen</strong></span> <span class='ocrx_word' id='word_1_26' title='bbox 435 740 493 826; x_wconf 93' lang='lat' dir='ltr'><strong>qui</strong></span> <span class='ocrx_word' id='word_1_27' title='bbox 521 740 613 806; x_wconf 91' lang='lat' dir='ltr'><strong>leoni</strong></span> <span class='ocrx_word' id='word_1_28' title='bbox 643 739 797 805; x_wconf 88' lang='lat' dir='ltr'><strong>obiectus</strong></span> <span class='ocrx_word' id='word_1_29' title='bbox 827 744 881 802; x_wconf 86' lang='lat' dir='ltr'><strong>est</strong></span> <span class='ocrx_word' id='word_1_30' title='bbox 909 737 1003 802; x_wconf 82' lang='lat' dir='ltr'><strong>uixit.</strong></span> <span class='ocrx_word' id='word_1_31' title='bbox 1058 737 1135 802; x_wconf 91' lang='lat' dir='ltr'><strong>Non</strong></span> <span class='ocrx_word' id='word_1_32' title='bbox 1156 736 1312 804; x_wconf 72' lang='lat' dir='ltr'><strong>habuita</strong></span> 
     </span>
     <span class='ocr_line' id='line_1_5' title="bbox 140 845 1371 934; baseline -0.002 -21"><span class='ocrx_word' id='word_1_33' title='bbox 140 845 202 914; x_wconf 94' lang='lat' dir='ltr'><strong>hoc</strong></span> <span class='ocrx_word' id='word_1_34' title='bbox 222 849 347 916; x_wconf 86' lang='lat' dir='ltr'><strong>auitum</strong></span> <span class='ocrx_word' id='word_1_35' title='bbox 367 849 426 915; x_wconf 93' lang='lat' dir='ltr'><strong>ille</strong></span> <span class='ocrx_word' id='word_1_36' title='bbox 447 849 577 934; x_wconf 86' lang='lat' dir='ltr'><strong>uitium,</strong></span> <span class='ocrx_word' id='word_1_37' title='bbox 601 871 645 914; x_wconf 89' lang='lat' dir='ltr'><strong>ns</strong></span> <span class='ocrx_word' id='word_1_38' title='bbox 667 853 848 934; x_wconf 89' lang='lat' dir='ltr'><strong>paternum</strong></span> <span class='ocrx_word' id='word_1_39' title='bbox 871 845 1025 932; x_wconf 88' lang='lat' dir='ltr'><strong>quidem;</strong></span> <span class='ocrx_word' id='word_1_40' title='bbox 1058 869 1137 912; x_wconf 92' lang='lat' dir='ltr'><strong>nam</strong></span> <span class='ocrx_word' id='word_1_41' title='bbox 1160 846 1189 912; x_wconf 91' lang='lat' dir='ltr'><strong>si</strong></span> <span class='ocrx_word' id='word_1_42' title='bbox 1212 870 1279 932; x_wconf 89' lang='lat' dir='ltr'><strong>qua</strong></span> <span class='ocrx_word' id='word_1_43' title='bbox 1368 856 1371 864; x_wconf 85' lang='lat'>&#39;</span> 
     </span>
     <span class='ocr_line' id='line_1_6' title="bbox 118 953 1278 1046; baseline -0.001 -24"><span class='ocrx_word' id='word_1_44' title='bbox 118 955 204 1023; x_wconf 79' lang='lat' dir='ltr'><strong>salia</strong></span> <span class='ocrx_word' id='word_1_45' title='bbox 227 957 261 1024; x_wconf 92' lang='lat' dir='ltr'><strong>in</strong></span> <span class='ocrx_word' id='word_1_46' title='bbox 287 957 447 1046; x_wconf 89' lang='lat' dir='ltr'><strong>Philippo</strong></span> <span class='ocrx_word' id='word_1_47' title='bbox 475 957 600 1043; x_wconf 85' lang='lat' dir='ltr'><strong>uirtus,</strong></span> <span class='ocrx_word' id='word_1_48' title='bbox 633 955 700 1022; x_wconf 82' lang='lat' dir='ltr'><strong>fuit</strong></span> <span class='ocrx_word' id='word_1_49' title='bbox 728 961 763 1022; x_wconf 91' lang='lat' dir='ltr'><strong>et</strong></span> <span class='ocrx_word' id='word_1_50' title='bbox 791 953 1070 1021; x_wconf 89' lang='lat' dir='ltr'><strong>contumeliarum</strong></span> <span class='ocrx_word' id='word_1_51' title='bbox 1101 954 1278 1041; x_wconf 88' lang='lat' dir='ltr'><strong>patientia,</strong></span> 
     </span>
     <span class='ocr_line' id='line_1_7' title="bbox 138 1063 1279 1152; baseline -0.003 -20"><span class='ocrx_word' id='word_1_52' title='bbox 138 1065 253 1152; x_wconf 85' lang='lat' dir='ltr'><strong>ingens</strong></span> <span class='ocrx_word' id='word_1_53' title='bbox 280 1067 542 1134; x_wconf 72' lang='lat' dir='ltr'><strong>instrumentum</strong></span> <span class='ocrx_word' id='word_1_54' title='bbox 571 1067 614 1132; x_wconf 89' lang='lat' dir='ltr'><strong>ad</strong></span> <span class='ocrx_word' id='word_1_55' title='bbox 641 1065 785 1132; x_wconf 86' lang='lat' dir='ltr'><strong>tutelam</strong></span> <span class='ocrx_word' id='word_1_56' title='bbox 812 1063 919 1150; x_wconf 84' lang='lat' dir='ltr'><strong>regni.</strong></span> <span class='ocrx_word' id='word_1_57' title='bbox 975 1063 1205 1131; x_wconf 82' lang='lat' dir='ltr'><strong>Demochares</strong></span> <span class='ocrx_word' id='word_1_58' title='bbox 1235 1064 1279 1131; x_wconf 89' lang='lat' dir='ltr'><strong>ad</strong></span> 
     </span>
     <span class='ocr_line' id='line_1_8' title="bbox 138 1173 1279 1262; baseline 0.002 -24"><span class='ocrx_word' id='word_1_59' title='bbox 138 1174 228 1262; x_wconf 84' lang='lat' dir='ltr'><strong>illum</strong></span> <span class='ocrx_word' id='word_1_60' title='bbox 253 1174 503 1242; x_wconf 84' lang='lat' dir='ltr'><strong>Parrhesiastes</strong></span> <span class='ocrx_word' id='word_1_61' title='bbox 532 1176 576 1241; x_wconf 93' lang='lat' dir='ltr'><strong>ob</strong></span> <span class='ocrx_word' id='word_1_62' title='bbox 605 1175 744 1241; x_wconf 91' lang='lat' dir='ltr'><strong>nimiam</strong></span> <span class='ocrx_word' id='word_1_63' title='bbox 773 1179 807 1239; x_wconf 87' lang='lat' dir='ltr'><strong>et</strong></span> <span class='ocrx_word' id='word_1_64' title='bbox 833 1195 1015 1260; x_wconf 79' lang='lat' dir='ltr'><strong>procacem</strong></span> <span class='ocrx_word' id='word_1_65' title='bbox 1041 1173 1194 1260; x_wconf 85' lang='lat' dir='ltr'><strong>linguam</strong></span> <span class='ocrx_word' id='word_1_66' title='bbox 1220 1195 1279 1260; x_wconf 87' lang='lat' dir='ltr'><strong>ap-</strong></span> 
     </span>
     <span class='ocr_line' id='line_1_9' title="bbox 138 1281 1282 1369; baseline 0.001 -21"><span class='ocrx_word' id='word_1_67' title='bbox 138 1283 277 1369; x_wconf 85' lang='lat' dir='ltr'><strong>pellatus</strong></span> <span class='ocrx_word' id='word_1_68' title='bbox 298 1285 389 1350; x_wconf 90' lang='lat' dir='ltr'><strong>inter</strong></span> <span class='ocrx_word' id='word_1_69' title='bbox 411 1284 496 1350; x_wconf 88' lang='lat' dir='ltr'><strong>alios</strong></span> <span class='ocrx_word' id='word_1_70' title='bbox 517 1283 780 1351; x_wconf 75' lang='lat' dir='ltr'><strong>Atheniensium</strong></span> <span class='ocrx_word' id='word_1_71' title='bbox 801 1281 935 1368; x_wconf 87' lang='lat' dir='ltr'><strong>legatos</strong></span> <span class='ocrx_word' id='word_1_72' title='bbox 957 1289 1108 1350; x_wconf 87' lang='lat' dir='ltr'><strong>uenerat.</strong></span> <span class='ocrx_word' id='word_1_73' title='bbox 1152 1281 1282 1349; x_wconf 86' lang='lat' dir='ltr'><strong>Audita</strong></span> 
     </span>
     <span class='ocr_line' id='line_1_10' title="bbox 140 1389 1282 1482; baseline 0.002 -25"><span class='ocrx_word' id='word_1_74' title='bbox 140 1391 281 1480; x_wconf 86' lang='lat' dir='ltr'><strong>benigne</strong></span> <span class='ocrx_word' id='word_1_75' title='bbox 301 1393 476 1481; x_wconf 82' lang='lat' dir='ltr'><strong>legatione</strong></span> <span class='ocrx_word' id='word_1_76' title='bbox 497 1393 692 1482; x_wconf 88' lang='lat' dir='ltr'><strong>Philippus:</strong></span> <span class='ocrx_word' id='word_1_77' title='bbox 724 1389 868 1479; x_wconf 77' lang='lat' dir='ltr'><strong>„dicite“</strong></span> <span class='ocrx_word' id='word_1_78' title='bbox 891 1391 1003 1478; x_wconf 89' lang='lat' dir='ltr'><strong>inquit</strong></span> <span class='ocrx_word' id='word_1_79' title='bbox 1027 1390 1138 1476; x_wconf 64' lang='lat' dir='ltr'><strong>„mihi</strong></span> <span class='ocrx_word' id='word_1_80' title='bbox 1167 1390 1282 1459; x_wconf 85' lang='lat' dir='ltr'><strong>facere</strong></span> 
     </span>
     <span class='ocr_line' id='line_1_11' title="bbox 106 1500 1283 1590; baseline 0.002 -25"><span class='ocrx_word' id='word_1_81' title='bbox 106 1501 215 1586; x_wconf 78' lang='lat' dir='ltr'><strong>aquid</strong></span> <span class='ocrx_word' id='word_1_82' title='bbox 245 1503 384 1590; x_wconf 82' lang='lat' dir='ltr'><strong>possim,</strong></span> <span class='ocrx_word' id='word_1_83' title='bbox 418 1503 509 1590; x_wconf 90' lang='lat' dir='ltr'><strong>quod</strong></span> <span class='ocrx_word' id='word_1_84' title='bbox 542 1503 587 1568; x_wconf 89' lang='lat' dir='ltr'><strong>sit</strong></span> <span class='ocrx_word' id='word_1_85' title='bbox 614 1500 883 1569; x_wconf 84' lang='lat' dir='ltr'><strong>Atheniensibus</strong></span> <span class='ocrx_word' id='word_1_86' title='bbox 916 1500 1080 1587; x_wconf 83' lang='lat' dir='ltr'><strong>gratum.“</strong></span> <span class='ocrx_word' id='word_1_87' title='bbox 1136 1501 1283 1590; x_wconf 82' lang='lat' dir='ltr'><strong>Excepit</strong></span> 
     </span>
     <span class='ocr_line' id='line_1_12' title="bbox 139 1609 1317 1698; baseline 0.003 -23"><span class='ocrx_word' id='word_1_88' title='bbox 139 1609 363 1678; x_wconf 89' lang='lat' dir='ltr'><strong>Demochares</strong></span> <span class='ocrx_word' id='word_1_89' title='bbox 403 1618 454 1679; x_wconf 88' lang='lat' dir='ltr'><strong>et:</strong></span> <span class='ocrx_word' id='word_1_90' title='bbox 501 1611 575 1698; x_wconf 54' lang='grc' dir='ltr'><strong>πῖθ’*</strong></span> <span class='ocrx_word' id='word_1_91' title='bbox 615 1611 726 1698; x_wconf 88' lang='lat' dir='ltr'><strong>inquit</strong></span> <span class='ocrx_word' id='word_1_92' title='bbox 760 1609 1019 1697; x_wconf 78' lang='lat' dir='ltr'><strong>„suspendere“.</strong></span> <span class='ocrx_word' id='word_1_93' title='bbox 1085 1610 1317 1697; x_wconf 75' lang='lat' dir='ltr'><strong>Indignatioss</strong></span> 
     </span>
     <span class='ocr_line' id='line_1_13' title="bbox 140 1699 1281 1806; baseline 0.002 -22"><span class='ocrx_word' id='word_1_94' title='bbox 140 1719 423 1787; x_wconf 88' lang='lat' dir='ltr'><strong>circumstantium</strong></span> <span class='ocrx_word' id='word_1_95' title='bbox 445 1721 489 1786; x_wconf 88' lang='lat' dir='ltr'><strong>ad</strong></span> <span class='ocrx_word' id='word_1_96' title='bbox 510 1727 582 1788; x_wconf 89' lang='lat' dir='ltr'><strong>tam</strong></span> <span class='ocrx_word' id='word_1_97' title='bbox 603 1699 822 1786; x_wconf 89' lang='lat' dir='ltr'><strong>inhumanum</strong></span> <span class='ocrx_word' id='word_1_98' title='bbox 838 1741 1040 1806; x_wconf 90' lang='lat' dir='ltr'><strong>responsum</strong></span> <span class='ocrx_word' id='word_1_99' title='bbox 1057 1726 1176 1786; x_wconf 87' lang='lat' dir='ltr'><strong>exorta</strong></span> <span class='ocrx_word' id='word_1_100' title='bbox 1194 1727 1281 1806; x_wconf 89' lang='lat' dir='ltr'><strong>erat;</strong></span> 
     </span>
     <span class='ocr_line' id='line_1_14' title="bbox 139 1815 1421 1918; baseline 0.006 -23"><span class='ocrx_word' id='word_1_101' title='bbox 139 1851 218 1914; x_wconf 90' lang='lat' dir='ltr'><strong>quos</strong></span> <span class='ocrx_word' id='word_1_102' title='bbox 238 1827 419 1918; x_wconf 86' lang='lat' dir='ltr'><strong>Philippus</strong></span> <span class='ocrx_word' id='word_1_103' title='bbox 442 1829 665 1898; x_wconf 87' lang='lat' dir='ltr'><strong>conticiscere</strong></span> <span class='ocrx_word' id='word_1_104' title='bbox 687 1828 788 1895; x_wconf 89' lang='lat' dir='ltr'><strong>iussit</strong></span> <span class='ocrx_word' id='word_1_105' title='bbox 804 1826 813 1914; x_wconf 74' lang='grc' dir='ltr'><em>Π</em></span> <span class='ocrx_word' id='word_1_106' title='bbox 831 1835 865 1893; x_wconf 93' lang='lat' dir='ltr'><strong>et</strong></span> <span class='ocrx_word' id='word_1_107' title='bbox 887 1826 1078 1894; x_wconf 80' lang='lat' dir='ltr'><strong>Thersitam</strong></span> <span class='ocrx_word' id='word_1_108' title='bbox 1100 1827 1195 1895; x_wconf 91' lang='lat' dir='ltr'><strong>illum</strong></span> <span class='ocrx_word' id='word_1_109' title='bbox 1216 1831 1282 1896; x_wconf 88' lang='lat' dir='ltr'><strong>sal-</strong></span> <span class='ocrx_word' id='word_1_110' title='bbox 1300 1815 1348 1903; x_wconf 78' lang='lat' dir='ltr'><strong>tol.</strong></span> <span class='ocrx_word' id='word_1_111' title='bbox 1364 1845 1421 1902; x_wconf 63' lang='lat'><strong>34¹1</strong></span> 
     </span>
     <span class='ocr_line' id='line_1_15' title="bbox 138 1935 1283 2026; baseline 0.003 -23"><span class='ocrx_word' id='word_1_112' title='bbox 138 1959 213 2004; x_wconf 89' lang='lat' dir='ltr'><strong>uum</strong></span> <span class='ocrx_word' id='word_1_113' title='bbox 250 1936 523 2026; x_wconf 89' lang='lat' dir='ltr'><strong>incolumemque</strong></span> <span class='ocrx_word' id='word_1_114' title='bbox 557 1939 743 2024; x_wconf 87' lang='lat' dir='ltr'><strong>dimittere;</strong></span> <span class='ocrx_word' id='word_1_115' title='bbox 791 1943 846 2023; x_wconf 80' lang='lat' dir='ltr'><strong>„at</strong></span> <span class='ocrx_word' id='word_1_116' title='bbox 878 1935 959 2004; x_wconf 80' lang='lat' dir='ltr'><strong>uos“</strong></span> <span class='ocrx_word' id='word_1_117' title='bbox 994 1937 1114 2024; x_wconf 84' lang='lat' dir='ltr'><strong>inquit,</strong></span> <span class='ocrx_word' id='word_1_118' title='bbox 1157 1939 1283 2025; x_wconf 76' lang='lat' dir='ltr'><strong>„ceteri</strong></span> 
     </span>
     <span class='ocr_line' id='line_1_16' title="bbox 107 2044 1284 2135; baseline 0.004 -25"><span class='ocrx_word' id='word_1_119' title='bbox 107 2044 247 2133; x_wconf 75' lang='lat' dir='ltr'><strong>relegati,</strong></span> <span class='ocrx_word' id='word_1_120' title='bbox 279 2047 435 2114; x_wconf 84' lang='lat' dir='ltr'><strong>nuntiate</strong></span> <span class='ocrx_word' id='word_1_121' title='bbox 457 2047 725 2114; x_wconf 88' lang='lat' dir='ltr'><strong>Atheniensibus</strong></span> <span class='ocrx_word' id='word_1_122' title='bbox 748 2047 854 2113; x_wconf 91' lang='lat' dir='ltr'><strong>multo</strong></span> <span class='ocrx_word' id='word_1_123' title='bbox 877 2046 1093 2134; x_wconf 88' lang='lat' dir='ltr'><strong>superbiores</strong></span> <span class='ocrx_word' id='word_1_124' title='bbox 1117 2070 1202 2134; x_wconf 89' lang='lat' dir='ltr'><strong>esse,</strong></span> <span class='ocrx_word' id='word_1_125' title='bbox 1226 2048 1284 2135; x_wconf 90' lang='lat' dir='ltr'><strong>qui</strong></span> 
     </span>
     <span class='ocr_line' id='line_1_17' title="bbox 138 2153 1318 2244; baseline 0.003 -25"><span class='ocrx_word' id='word_1_126' title='bbox 138 2153 201 2220; x_wconf 83' lang='lat' dir='ltr'><strong>ista</strong></span> <span class='ocrx_word' id='word_1_127' title='bbox 227 2155 361 2240; x_wconf 90' lang='lat' dir='ltr'><strong>dicunt,</strong></span> <span class='ocrx_word' id='word_1_128' title='bbox 395 2179 494 2242; x_wconf 88' lang='lat' dir='ltr'><strong>quam</strong></span> <span class='ocrx_word' id='word_1_129' title='bbox 524 2157 582 2242; x_wconf 90' lang='lat' dir='ltr'><strong>qui</strong></span> <span class='ocrx_word' id='word_1_130' title='bbox 609 2157 737 2244; x_wconf 88' lang='lat' dir='ltr'><strong>inpune</strong></span> <span class='ocrx_word' id='word_1_131' title='bbox 766 2155 859 2221; x_wconf 90' lang='lat' dir='ltr'><strong>diota</strong></span> <span class='ocrx_word' id='word_1_132' title='bbox 887 2153 1057 2222; x_wconf 88' lang='lat' dir='ltr'><strong>audiunt.“</strong></span> <span class='ocrx_word' id='word_1_133' title='bbox 1113 2156 1222 2224; x_wconf 88' lang='lat' dir='ltr'><strong>Multa</strong></span> <span class='ocrx_word' id='word_1_134' title='bbox 1250 2164 1318 2223; x_wconf 74' lang='lat' dir='ltr'><strong>etl</strong></span> 
     </span>
     <span class='ocr_line' id='line_1_18' title="bbox 140 2261 1285 2352; baseline 0.003 -24"><span class='ocrx_word' id='word_1_135' title='bbox 140 2261 233 2330; x_wconf 91' lang='lat' dir='ltr'><strong>diuus</strong></span> <span class='ocrx_word' id='word_1_136' title='bbox 255 2263 433 2351; x_wconf 86' lang='lat' dir='ltr'><strong>Augustus</strong></span> <span class='ocrx_word' id='word_1_137' title='bbox 462 2265 566 2351; x_wconf 84' lang='lat' dir='ltr'><strong>digna</strong></span> <span class='ocrx_word' id='word_1_138' title='bbox 593 2265 757 2332; x_wconf 87' lang='lat' dir='ltr'><strong>memoria</strong></span> <span class='ocrx_word' id='word_1_139' title='bbox 783 2263 868 2330; x_wconf 81' lang='lat' dir='ltr'><strong>fecit</strong></span> <span class='ocrx_word' id='word_1_140' title='bbox 896 2264 1058 2351; x_wconf 86' lang='lat' dir='ltr'><strong>dixitque,</strong></span> <span class='ocrx_word' id='word_1_141' title='bbox 1093 2289 1134 2332; x_wconf 87' lang='lat' dir='ltr'><strong>ex</strong></span> <span class='ocrx_word' id='word_1_142' title='bbox 1162 2266 1285 2352; x_wconf 89' lang='lat' dir='ltr'><strong>quibus</strong></span> 
     </span>
     <span class='ocr_line' id='line_1_19' title="bbox 140 2371 1285 2462; baseline 0.003 -25"><span class='ocrx_word' id='word_1_143' title='bbox 140 2379 298 2460; x_wconf 85' lang='lat' dir='ltr'><strong>appareat</strong></span> <span class='ocrx_word' id='word_1_144' title='bbox 327 2373 413 2438; x_wconf 90' lang='lat' dir='ltr'><strong>iram</strong></span> <span class='ocrx_word' id='word_1_145' title='bbox 433 2373 483 2438; x_wconf 91' lang='lat' dir='ltr'><strong>illi</strong></span> <span class='ocrx_word' id='word_1_146' title='bbox 504 2397 575 2440; x_wconf 91' lang='lat' dir='ltr'><strong>non</strong></span> <span class='ocrx_word' id='word_1_147' title='bbox 596 2373 791 2462; x_wconf 86' lang='lat' dir='ltr'><strong>imperasse.</strong></span> <span class='ocrx_word' id='word_1_148' title='bbox 849 2374 1046 2460; x_wconf 81' lang='lat' dir='ltr'><strong>llmagenes</strong></span> <span class='ocrx_word' id='word_1_149' title='bbox 1068 2371 1285 2441; x_wconf 83' lang='lat' dir='ltr'><strong>historiarum</strong></span> 
     </span>
     <span class='ocr_line' id='line_1_20' title="bbox 140 2481 1286 2570; baseline 0.003 -26"><span class='ocrx_word' id='word_1_150' title='bbox 140 2481 282 2568; x_wconf 89' lang='lat' dir='ltr'><strong>scriptor</strong></span> <span class='ocrx_word' id='word_1_151' title='bbox 310 2482 478 2568; x_wconf 87' lang='lat' dir='ltr'><strong>quaedam</strong></span> <span class='ocrx_word' id='word_1_152' title='bbox 504 2483 540 2548; x_wconf 90' lang='lat' dir='ltr'><strong>in</strong></span> <span class='ocrx_word' id='word_1_153' title='bbox 567 2483 688 2570; x_wconf 82' lang='lat' dir='ltr'><strong>ipsum,</strong></span> <span class='ocrx_word' id='word_1_154' title='bbox 723 2482 890 2568; x_wconf 86' lang='lat' dir='ltr'><strong>quaedam</strong></span> <span class='ocrx_word' id='word_1_155' title='bbox 919 2482 955 2549; x_wconf 88' lang='lat' dir='ltr'><strong>in</strong></span> <span class='ocrx_word' id='word_1_156' title='bbox 981 2504 1121 2548; x_wconf 87' lang='lat' dir='ltr'><strong>uxorem</strong></span> <span class='ocrx_word' id='word_1_157' title='bbox 1150 2484 1222 2550; x_wconf 89' lang='lat' dir='ltr'><strong>eius</strong></span> <span class='ocrx_word' id='word_1_158' title='bbox 1251 2489 1286 2548; x_wconf 89' lang='lat' dir='ltr'><strong>et</strong></span> 
     </span>
     <span class='ocr_line' id='line_1_21' title="bbox 107 2587 1286 2678; baseline 0.005 -26"><span class='ocrx_word' id='word_1_159' title='bbox 107 2587 176 2654; x_wconf 81' lang='lat' dir='ltr'><strong>cin</strong></span> <span class='ocrx_word' id='word_1_160' title='bbox 194 2596 303 2657; x_wconf 88' lang='lat' dir='ltr'><strong>totam</strong></span> <span class='ocrx_word' id='word_1_161' title='bbox 326 2591 463 2658; x_wconf 93' lang='lat' dir='ltr'><strong>domum</strong></span> <span class='ocrx_word' id='word_1_162' title='bbox 486 2591 617 2658; x_wconf 84' lang='lat' dir='ltr'><strong>dixerat</strong></span> <span class='ocrx_word' id='word_1_163' title='bbox 638 2613 702 2657; x_wconf 90' lang='lat' dir='ltr'><strong>nec</strong></span> <span class='ocrx_word' id='word_1_164' title='bbox 725 2591 923 2678; x_wconf 86' lang='lat' dir='ltr'><strong>perdiderat</strong></span> <span class='ocrx_word' id='word_1_165' title='bbox 941 2591 1047 2677; x_wconf 78' lang='lat' dir='ltr'><strong>diota3</strong></span> <span class='ocrx_word' id='word_1_166' title='bbox 1070 2592 1178 2678; x_wconf 85' lang='lat' dir='ltr'><strong>magis</strong></span> <span class='ocrx_word' id='word_1_167' title='bbox 1196 2592 1286 2658; x_wconf 90' lang='lat' dir='ltr'><strong>enim</strong></span> 
     </span>
     <span class='ocr_line' id='line_1_22' title="bbox 139 2697 1283 2769; baseline 0.005 -8"><span class='ocrx_word' id='word_1_168' title='bbox 139 2697 372 2766; x_wconf 81' lang='lat' dir='ltr'><strong>circumfertur</strong></span> <span class='ocrx_word' id='word_1_169' title='bbox 400 2706 435 2766; x_wconf 87' lang='lat' dir='ltr'><strong>et</strong></span> <span class='ocrx_word' id='word_1_170' title='bbox 461 2701 498 2766; x_wconf 91' lang='lat' dir='ltr'><strong>iu</strong></span> <span class='ocrx_word' id='word_1_171' title='bbox 525 2723 584 2767; x_wconf 91' lang='lat' dir='ltr'><strong>cre</strong></span> <span class='ocrx_word' id='word_1_172' title='bbox 609 2698 785 2766; x_wconf 91' lang='lat' dir='ltr'><strong>hominum</strong></span> <span class='ocrx_word' id='word_1_173' title='bbox 812 2707 865 2766; x_wconf 89' lang='lat' dir='ltr'><strong>est</strong></span> <span class='ocrx_word' id='word_1_174' title='bbox 892 2700 1073 2766; x_wconf 89' lang='lat' dir='ltr'><strong>temeraria</strong></span> <span class='ocrx_word' id='word_1_175' title='bbox 1100 2701 1283 2769; x_wconf 88' lang='lat' dir='ltr'><strong>urbanitas.</strong></span> 
     </span>
     <span class='ocr_line' id='line_1_23' title="bbox 139 2805 1320 2896; baseline 0.008 -26"><span class='ocrx_word' id='word_1_176' title='bbox 139 2805 248 2894; x_wconf 85' lang='lat' dir='ltr'><strong>Saepe</strong></span> <span class='ocrx_word' id='word_1_177' title='bbox 280 2805 375 2874; x_wconf 92' lang='lat' dir='ltr'><strong>illum</strong></span> <span class='ocrx_word' id='word_1_178' title='bbox 404 2809 529 2875; x_wconf 80' lang='lat' dir='ltr'><strong>Caesar</strong></span> <span class='ocrx_word' id='word_1_179' title='bbox 560 2809 702 2893; x_wconf 84' lang='lat' dir='ltr'><strong>monuit,</strong></span> <span class='ocrx_word' id='word_1_180' title='bbox 736 2809 945 2876; x_wconf 88' lang='lat' dir='ltr'><strong>moderatius</strong></span> <span class='ocrx_word' id='word_1_181' title='bbox 973 2809 1091 2896; x_wconf 84' lang='lat' dir='ltr'><strong>lingua</strong></span> <span class='ocrx_word' id='word_1_182' title='bbox 1117 2815 1320 2895; x_wconf 79' lang='lat' dir='ltr'><strong>uteretur35</strong></span> 
     </span>
     <span class='ocr_line' id='line_1_24' title="bbox 138 2917 1286 3004; baseline 0.003 -24"><span class='ocrx_word' id='word_1_183' title='bbox 138 2917 371 3002; x_wconf 87' lang='lat' dir='ltr'><strong>perseueranti</strong></span> <span class='ocrx_word' id='word_1_184' title='bbox 405 2917 504 2984; x_wconf 89' lang='lat' dir='ltr'><strong>domo</strong></span> <span class='ocrx_word' id='word_1_185' title='bbox 537 2940 599 2984; x_wconf 90' lang='lat' dir='ltr'><strong>sua</strong></span> <span class='ocrx_word' id='word_1_186' title='bbox 625 2917 811 2986; x_wconf 81' lang='lat' dir='ltr'><strong>interdixit.</strong></span> <span class='ocrx_word' id='word_1_187' title='bbox 866 2919 993 2985; x_wconf 89' lang='lat' dir='ltr'><strong>Postea</strong></span> <span class='ocrx_word' id='word_1_188' title='bbox 1019 2917 1222 3004; x_wconf 79' lang='lat' dir='ltr'><strong>Timagenes</strong></span> <span class='ocrx_word' id='word_1_189' title='bbox 1249 2917 1286 2983; x_wconf 91' lang='lat' dir='ltr'><strong>in</strong></span> 
     </span>
     <span class='ocr_line' id='line_1_25' title="bbox 138 3023 1286 3094; baseline 0.003 -5"><span class='ocrx_word' id='word_1_190' title='bbox 138 3023 359 3092; x_wconf 88' lang='lat' dir='ltr'><strong>contubernio</strong></span> <span class='ocrx_word' id='word_1_191' title='bbox 381 3025 545 3093; x_wconf 89' lang='lat' dir='ltr'><strong>Pollionis</strong></span> <span class='ocrx_word' id='word_1_192' title='bbox 566 3025 678 3093; x_wconf 89' lang='lat' dir='ltr'><strong>Asinii</strong></span> <span class='ocrx_word' id='word_1_193' title='bbox 705 3027 884 3094; x_wconf 90' lang='lat' dir='ltr'><strong>consenuit</strong></span> <span class='ocrx_word' id='word_1_194' title='bbox 911 3049 951 3093; x_wconf 92' lang='lat' dir='ltr'><strong>ac</strong></span> <span class='ocrx_word' id='word_1_195' title='bbox 977 3033 1052 3093; x_wconf 88' lang='lat' dir='ltr'><strong>tota</strong></span> <span class='ocrx_word' id='word_1_196' title='bbox 1074 3026 1213 3092; x_wconf 85' lang='lat' dir='ltr'><strong>ciuitate</strong></span> <span class='ocrx_word' id='word_1_197' title='bbox 1236 3025 1286 3091; x_wconf 90' lang='lat' dir='ltr'><strong>di-</strong></span> 
     </span>
     <span class='ocr_line' id='line_1_26' title="bbox 106 3133 1285 3223; baseline 0.003 -24"><span class='ocrx_word' id='word_1_198' title='bbox 106 3139 254 3220; x_wconf 73' lang='lat' dir='ltr'><strong>sreptus</strong></span> <span class='ocrx_word' id='word_1_199' title='bbox 288 3139 356 3202; x_wconf 89' lang='lat' dir='ltr'><strong>est:</strong></span> <span class='ocrx_word' id='word_1_200' title='bbox 389 3135 517 3202; x_wconf 90' lang='lat' dir='ltr'><strong>nullum</strong></span> <span class='ocrx_word' id='word_1_201' title='bbox 549 3133 599 3202; x_wconf 89' lang='lat' dir='ltr'><strong>illi</strong></span> <span class='ocrx_word' id='word_1_202' title='bbox 630 3135 736 3202; x_wconf 90' lang='lat' dir='ltr'><strong>limen</strong></span> <span class='ocrx_word' id='word_1_203' title='bbox 768 3134 945 3223; x_wconf 88' lang='lat' dir='ltr'><strong>praeclusa</strong></span> <span class='ocrx_word' id='word_1_204' title='bbox 978 3136 1132 3202; x_wconf 85' lang='lat' dir='ltr'><strong>Caesaris</strong></span> <span class='ocrx_word' id='word_1_205' title='bbox 1165 3135 1285 3202; x_wconf 92' lang='lat' dir='ltr'><strong>domus</strong></span> 
     </span>
    </p>
   </div>
   <div class='ocr_carea' id='block_1_3' title="bbox 141 3458 1287 3619">
    <p class='ocr_par' dir='ltr' id='par_1_3' title="bbox 141 3458 1287 3619">
     <span class='ocr_line' id='line_1_27' title="bbox 141 3458 1287 3530; baseline 0.005 -18"><span class='ocrx_word' id='word_1_206' title='bbox 141 3458 158 3512; x_wconf 91' lang='lat'>6</span> <span class='ocrx_word' id='word_1_207' title='bbox 175 3459 302 3516; x_wconf 69' lang='lat' dir='ltr'><strong>attatela</strong></span> <span class='ocrx_word' id='word_1_208' title='bbox 319 3459 366 3529; x_wconf 69' lang='lat' dir='ltr'><strong>Al,</strong></span> <span class='ocrx_word' id='word_1_209' title='bbox 384 3459 432 3516; x_wconf 82' lang='lat' dir='ltr'><strong>sed</strong></span> <span class='ocrx_word' id='word_1_210' title='bbox 444 3461 567 3530; x_wconf 67' lang='lat' dir='ltr'><strong>pnicum</strong></span> <span class='ocrx_word' id='word_1_211' title='bbox 584 3467 598 3517; x_wconf 87' lang='lat' dir='ltr'><strong>t</strong></span> <span class='ocrx_word' id='word_1_212' title='bbox 614 3463 645 3516; x_wconf 75' lang='lat' dir='ltr'><strong>ia</strong></span> <span class='ocrx_word' id='word_1_213' title='bbox 663 3461 682 3516; x_wconf 93' lang='lat' dir='ltr'><strong>d</strong></span> <span class='ocrx_word' id='word_1_214' title='bbox 698 3477 766 3518; x_wconf 80' lang='lat' dir='ltr'><strong>corr.</strong></span> <span class='ocrx_word' id='word_1_215' title='bbox 785 3461 823 3518; x_wconf 76' lang='grc' dir='ltr'><strong>Α·</strong></span> <span class='ocrx_word' id='word_1_216' title='bbox 910 3461 1107 3518; x_wconf 87' lang='lat' dir='ltr'><strong>Demochares</strong></span> <span class='ocrx_word' id='word_1_217' title='bbox 1118 3469 1287 3520; x_wconf 79' lang='lat' dir='ltr'><strong>..ueneratz</strong></span> 
     </span>
     <span class='ocr_line' id='line_1_28' title="bbox 141 3543 1186 3619; baseline 0.002 -19"><span class='ocrx_word' id='word_1_218' title='bbox 141 3559 229 3600; x_wconf 79' lang='lat' dir='ltr'><strong>nouas</strong></span> <span class='ocrx_word' id='word_1_219' title='bbox 247 3561 326 3601; x_wconf 80' lang='lat' dir='ltr'><strong>mur</strong></span> <span class='ocrx_word' id='word_1_220' title='bbox 344 3543 469 3614; x_wconf 67' lang='lat' dir='ltr'><strong>aeteae,</strong></span> <span class='ocrx_word' id='word_1_221' title='bbox 496 3547 529 3604; x_wconf 78' lang='lat' dir='ltr'><strong>de</strong></span> <span class='ocrx_word' id='word_1_222' title='bbox 552 3563 604 3616; x_wconf 79' lang='lat' dir='ltr'><strong>quo</strong></span> <span class='ocrx_word' id='word_1_223' title='bbox 626 3548 678 3615; x_wconf 80' lang='lat' dir='ltr'><strong>cfr.</strong></span> <span class='ocrx_word' id='word_1_224' title='bbox 700 3545 843 3603; x_wconf 68' lang='lat' dir='ltr'><strong>Badation.</strong></span> <span class='ocrx_word' id='word_1_225' title='bbox 860 3548 898 3603; x_wconf 82' lang='lat' dir='ltr'><strong>ad</strong></span> <span class='ocrx_word' id='word_1_226' title='bbox 914 3546 1003 3604; x_wconf 74' lang='lat' dir='ltr'><strong>aaut.</strong></span> <span class='ocrx_word' id='word_1_227' title='bbox 1020 3548 1094 3618; x_wconf 78' lang='lat' dir='ltr'><strong>Lap.</strong></span> <span class='ocrx_word' id='word_1_228' title='bbox 1112 3565 1143 3619; x_wconf 81' lang='lat' dir='ltr'><strong>p.</strong></span> <span class='ocrx_word' id='word_1_229' title='bbox 1161 3551 1186 3604; x_wconf 91' lang='lat'><strong>9.</strong></span> 
     </span>
    </p>
   </div>
   <div class='ocr_carea' id='block_1_4' title="bbox 140 3635 1288 3755">
    <p class='ocr_par' dir='ltr' id='par_1_4' title="bbox 140 3635 1288 3755">
     <span class='ocr_line' id='line_1_29' title="bbox 140 3635 1288 3755; baseline 0.004 -19"><span class='ocrx_word' id='word_1_230' title='bbox 140 3681 156 3736; x_wconf 87' lang='grc'><strong>9</strong></span> <span class='ocrx_word' id='word_1_231' title='bbox 179 3635 282 3751; x_wconf 88' lang='lat' dir='ltr'><strong>inquid</strong></span> <span class='ocrx_word' id='word_1_232' title='bbox 307 3684 390 3751; x_wconf 82' lang='lat' dir='ltr'><strong>(corr.</strong></span> <span class='ocrx_word' id='word_1_233' title='bbox 409 3682 455 3750; x_wconf 78' lang='lat' dir='ltr'><strong>l·‚</strong></span> <span class='ocrx_word' id='word_1_234' title='bbox 473 3685 522 3740; x_wconf 80' lang='lat' dir='ltr'><strong>sed</strong></span> <span class='ocrx_word' id='word_1_235' title='bbox 538 3689 552 3740; x_wconf 87' lang='lat' dir='ltr'><strong>t</strong></span> <span class='ocrx_word' id='word_1_236' title='bbox 568 3685 628 3752; x_wconf 81' lang='lat' dir='ltr'><strong>sere</strong></span> <span class='ocrx_word' id='word_1_237' title='bbox 645 3684 769 3753; x_wconf 62' lang='lat' dir='ltr'><strong>manat)</strong></span> <span class='ocrx_word' id='word_1_238' title='bbox 875 3685 908 3740; x_wconf 82' lang='lat'><strong>13</strong></span> <span class='ocrx_word' id='word_1_239' title='bbox 926 3685 1117 3744; x_wconf 87' lang='lat' dir='ltr'><strong>conticiscere</strong></span> <span class='ocrx_word' id='word_1_240' title='bbox 1134 3686 1168 3755; x_wconf 76' lang='lat' dir='ltr'><strong>l;</strong></span> <span class='ocrx_word' id='word_1_241' title='bbox 1196 3686 1288 3742; x_wconf 88' lang='lat' dir='ltr'><strong>conti·</strong></span> 
     </span>
    </p>
   </div>
   <div class='ocr_carea' id='block_1_5' title="bbox 140 3773 1292 4494">
    <p class='ocr_par' dir='ltr' id='par_1_5' title="bbox 140 3773 1292 4494">
     <span class='ocr_line' id='line_1_30' title="bbox 904 3773 914 3808; baseline 0 0"><span class='ocrx_word' id='word_1_242' title='bbox 904 3773 914 3808; x_wconf 82' lang='lat' dir='ltr'><strong>t</strong></span> 
     </span>
     <span class='ocr_line' id='line_1_31' title="bbox 141 3809 1289 3894; baseline 0.003 -18"><span class='ocrx_word' id='word_1_243' title='bbox 141 3837 255 3876; x_wconf 81' lang='lat' dir='ltr'><strong>cascere</strong></span> <span class='ocrx_word' id='word_1_244' title='bbox 273 3817 293 3878; x_wconf 92' lang='lat' dir='ltr'>L</span> <span class='ocrx_word' id='word_1_245' title='bbox 371 3821 456 3878; x_wconf 73' lang='lat' dir='ltr'><strong>salut</strong></span> <span class='ocrx_word' id='word_1_246' title='bbox 473 3821 511 3880; x_wconf 75' lang='grc' dir='ltr'><strong>Α·</strong></span> <span class='ocrx_word' id='word_1_247' title='bbox 530 3822 582 3890; x_wconf 85' lang='lat'>(?);</span> <span class='ocrx_word' id='word_1_248' title='bbox 600 3822 694 3878; x_wconf 89' lang='lat' dir='ltr'><strong>salum</strong></span> <span class='ocrx_word' id='word_1_249' title='bbox 711 3821 748 3880; x_wconf 84' lang='lat' dir='ltr'><strong>A²</strong></span> <span class='ocrx_word' id='word_1_250' title='bbox 829 3823 862 3877; x_wconf 88' lang='grc'><strong>14</strong></span> <span class='ocrx_word' id='word_1_251' title='bbox 878 3809 916 3892; x_wconf 80' lang='lat' dir='ltr'><strong>ad</strong></span> <span class='ocrx_word' id='word_1_252' title='bbox 934 3821 1014 3880; x_wconf 63' lang='grc' dir='ltr'><strong>Αῑ-1</strong></span> <span class='ocrx_word' id='word_1_253' title='bbox 1092 3825 1125 3879; x_wconf 84' lang='grc'><strong>18</strong></span> <span class='ocrx_word' id='word_1_254' title='bbox 1142 3823 1289 3894; x_wconf 81' lang='lat' dir='ltr'><strong>Imagines</strong></span> 
     </span>
     <span class='ocr_line' id='line_1_32' title="bbox 140 3903 1289 3980; baseline 0.003 -20"><span class='ocrx_word' id='word_1_255' title='bbox 140 3903 162 3960; x_wconf 83' lang='lat' dir='ltr'><strong>A</strong></span> <span class='ocrx_word' id='word_1_256' title='bbox 187 3905 261 3972; x_wconf 79' lang='lat' dir='ltr'><strong>(item</strong></span> <span class='ocrx_word' id='word_1_257' title='bbox 280 3923 304 3960; x_wconf 82' lang='lat' dir='ltr'><strong>u.</strong></span> <span class='ocrx_word' id='word_1_258' title='bbox 323 3907 367 3974; x_wconf 81' lang='lat'><strong>23,</strong></span> <span class='ocrx_word' id='word_1_259' title='bbox 389 3907 437 3964; x_wconf 80' lang='lat' dir='ltr'><strong>ubi</strong></span> <span class='ocrx_word' id='word_1_260' title='bbox 454 3907 492 3966; x_wconf 71' lang='lat' dir='ltr'><strong>A·</strong></span> <span class='ocrx_word' id='word_1_261' title='bbox 510 3907 543 3963; x_wconf 81' lang='lat' dir='ltr'><strong>ia</strong></span> <span class='ocrx_word' id='word_1_262' title='bbox 559 3925 611 3978; x_wconf 67' lang='lat' dir='ltr'><strong>my.</strong></span> <span class='ocrx_word' id='word_1_263' title='bbox 632 3907 796 3977; x_wconf 73' lang='lat' dir='ltr'><strong>adscripsit:</strong></span> <span class='ocrx_word' id='word_1_264' title='bbox 821 3907 969 3978; x_wconf 79' lang='lat' dir='ltr'><strong>Imagines</strong></span> <span class='ocrx_word' id='word_1_265' title='bbox 987 3908 1131 3974; x_wconf 73' lang='lat' dir='ltr'><strong>historica</strong></span> <span class='ocrx_word' id='word_1_266' title='bbox 1149 3909 1289 3980; x_wconf 65' lang='lat' dir='ltr'><strong>scriptun</strong></span> 
     </span>
     <span class='ocr_line' id='line_1_33' title="bbox 140 3991 1289 4066; baseline 0.005 -21"><span class='ocrx_word' id='word_1_267' title='bbox 140 3991 187 4045; x_wconf 74' lang='lat' dir='ltr'><strong>aad</strong></span> <span class='ocrx_word' id='word_1_268' title='bbox 200 4007 229 4060; x_wconf 81' lang='lat' dir='ltr'><strong>p.</strong></span> <span class='ocrx_word' id='word_1_269' title='bbox 239 3993 302 4058; x_wconf 71' lang='lat'><strong>144,</strong></span> <span class='ocrx_word' id='word_1_270' title='bbox 311 3995 346 4046; x_wconf 90' lang='lat'><strong>13</strong></span> <span class='ocrx_word' id='word_1_271' title='bbox 353 3999 423 4049; x_wconf 81' lang='lat' dir='ltr'><strong>recte</strong></span> <span class='ocrx_word' id='word_1_272' title='bbox 432 3993 581 4062; x_wconf 74' lang='lat' dir='ltr'><strong>timageni,</strong></span> <span class='ocrx_word' id='word_1_273' title='bbox 599 3993 728 4050; x_wconf 71' lang='lat' dir='ltr'><strong>utinm</strong></span> <span class='ocrx_word' id='word_1_274' title='bbox 738 4011 790 4050; x_wconf 83' lang='lat' dir='ltr'><strong>rec.</strong></span> <span class='ocrx_word' id='word_1_275' title='bbox 810 3993 891 4064; x_wconf 66' lang='lat' dir='ltr'><strong>(lu)</strong></span> <span class='ocrx_word' id='word_1_276' title='bbox 909 3996 1014 4064; x_wconf 64' lang='lat' dir='ltr'><strong>tama:</strong></span> <span class='ocrx_word' id='word_1_277' title='bbox 1031 3994 1107 4052; x_wconf 82' lang='lat' dir='ltr'><strong>f.c.⁸·</strong></span> <span class='ocrx_word' id='word_1_278' title='bbox 1120 3995 1289 4066; x_wconf 83' lang='lat' dir='ltr'><strong>7imsgini);</strong></span> 
     </span>
     <span class='ocr_line' id='line_1_34' title="bbox 141 4074 1290 4148; baseline 0.004 -17"><span class='ocrx_word' id='word_1_279' title='bbox 141 4074 360 4148; x_wconf 79' lang='lat' dir='ltr'><strong>&#39;lymagenesh</strong></span> <span class='ocrx_word' id='word_1_280' title='bbox 454 4079 488 4134; x_wconf 81' lang='lat'><strong>21</strong></span> <span class='ocrx_word' id='word_1_281' title='bbox 507 4079 608 4147; x_wconf 63' lang='lat' dir='ltr'><strong>imore</strong></span> <span class='ocrx_word' id='word_1_282' title='bbox 624 4079 648 4137; x_wconf 84' lang='grc' dir='ltr'><strong>Α</strong></span> <span class='ocrx_word' id='word_1_283' title='bbox 666 4081 744 4146; x_wconf 77' lang='lat' dir='ltr'><strong>(arua</strong></span> <span class='ocrx_word' id='word_1_284' title='bbox 763 4079 795 4147; x_wconf 92' lang='lat' dir='ltr'><strong>h)</strong></span> <span class='ocrx_word' id='word_1_285' title='bbox 890 4081 925 4135; x_wconf 92' lang='grc'><strong>22</strong></span> <span class='ocrx_word' id='word_1_286' title='bbox 942 4081 1065 4138; x_wconf 78' lang='lat' dir='ltr'><strong>cesarA</strong></span> <span class='ocrx_word' id='word_1_287' title='bbox 1150 4081 1185 4137; x_wconf 86' lang='grc'><strong>23</strong></span> <span class='ocrx_word' id='word_1_288' title='bbox 1202 4081 1290 4137; x_wconf 86' lang='lat' dir='ltr'><strong>domu</strong></span> 
     </span>
     <span class='ocr_line' id='line_1_35' title="bbox 141 4160 1289 4236; baseline 0.006 -19"><span class='ocrx_word' id='word_1_289' title='bbox 141 4160 168 4230; x_wconf 78' lang='grc' dir='ltr'><strong>Α,</strong></span> <span class='ocrx_word' id='word_1_290' title='bbox 195 4177 266 4218; x_wconf 76' lang='lat' dir='ltr'><strong>corr.</strong></span> <span class='ocrx_word' id='word_1_291' title='bbox 283 4179 328 4232; x_wconf 73' lang='lat' dir='ltr'><strong>ay.</strong></span> <span class='ocrx_word' id='word_1_292' title='bbox 431 4165 465 4220; x_wconf 80' lang='lat'><strong>24</strong></span> <span class='ocrx_word' id='word_1_293' title='bbox 493 4164 646 4221; x_wconf 87' lang='lat' dir='ltr'><strong>consenuit</strong></span> <span class='ocrx_word' id='word_1_294' title='bbox 664 4171 763 4220; x_wconf 85' lang='lat' dir='ltr'><strong>actota</strong></span> <span class='ocrx_word' id='word_1_295' title='bbox 780 4165 816 4235; x_wconf 75' lang='grc' dir='ltr'><strong>Ας</strong></span> <span class='ocrx_word' id='word_1_296' title='bbox 844 4166 1004 4236; x_wconf 81' lang='lat' dir='ltr'><strong>consenuit,</strong></span> <span class='ocrx_word' id='word_1_297' title='bbox 1033 4185 1051 4222; x_wconf 86' lang='lat' dir='ltr'><strong>a</strong></span> <span class='ocrx_word' id='word_1_298' title='bbox 1068 4173 1132 4223; x_wconf 84' lang='lat' dir='ltr'><strong>tota</strong></span> <span class='ocrx_word' id='word_1_299' title='bbox 1157 4183 1240 4222; x_wconf 76' lang='lat' dir='ltr'><strong>noan.</strong></span> <span class='ocrx_word' id='word_1_300' title='bbox 1258 4163 1289 4236; x_wconf 86' lang='lat' dir='ltr'><strong>D,</strong></span> 
     </span>
     <span class='ocr_line' id='line_1_36' title="bbox 140 4247 1290 4322; baseline 0.005 -20"><span class='ocrx_word' id='word_1_301' title='bbox 140 4247 213 4316; x_wconf 77' lang='lat' dir='ltr'><strong>quod</strong></span> <span class='ocrx_word' id='word_1_302' title='bbox 228 4248 331 4317; x_wconf 79' lang='lat' dir='ltr'><strong>recepit</strong></span> <span class='ocrx_word' id='word_1_303' title='bbox 349 4249 507 4306; x_wconf 64' lang='lat' dir='ltr'><strong>&amp;occutus</strong></span> <span class='ocrx_word' id='word_1_304' title='bbox 524 4251 555 4305; x_wconf 79' lang='lat' dir='ltr'><strong>in</strong></span> <span class='ocrx_word' id='word_1_305' title='bbox 573 4251 634 4306; x_wconf 75' lang='lat' dir='ltr'><strong>edit.</strong></span> <span class='ocrx_word' id='word_1_306' title='bbox 653 4251 774 4308; x_wconf 76' lang='lat' dir='ltr'><strong>Elscuir.</strong></span> <span class='ocrx_word' id='word_1_307' title='bbox 792 4252 866 4307; x_wconf 71' lang='grc'><strong>1672</strong></span> <span class='ocrx_word' id='word_1_308' title='bbox 881 4260 908 4309; x_wconf 78' lang='lat' dir='ltr'><strong>et</strong></span> <span class='ocrx_word' id='word_1_309' title='bbox 924 4253 1094 4309; x_wconf 78' lang='lat' dir='ltr'><strong>commendat</strong></span> <span class='ocrx_word' id='word_1_310' title='bbox 1117 4251 1290 4322; x_wconf 62' lang='lat' dir='ltr'><strong>Maculam,-</strong></span> 
     </span>
     <span class='ocr_line' id='line_1_37' title="bbox 140 4333 1291 4408; baseline 0.007 -22"><span class='ocrx_word' id='word_1_311' title='bbox 140 4333 188 4388; x_wconf 82' lang='lat' dir='ltr'><strong>aed</strong></span> <span class='ocrx_word' id='word_1_312' title='bbox 204 4333 256 4398; x_wconf 77' lang='lat' dir='ltr'><strong>cfr.</strong></span> <span class='ocrx_word' id='word_1_313' title='bbox 273 4333 307 4388; x_wconf 81' lang='lat' dir='ltr'><strong>de</strong></span> <span class='ocrx_word' id='word_1_314' title='bbox 324 4333 395 4390; x_wconf 73' lang='lat' dir='ltr'><strong>brea</strong></span> <span class='ocrx_word' id='word_1_315' title='bbox 412 4335 463 4391; x_wconf 81' lang='lat' dir='ltr'><strong>uit·</strong></span> <span class='ocrx_word' id='word_1_316' title='bbox 482 4339 505 4402; x_wconf 80' lang='lat'><strong>7,</strong></span> <span class='ocrx_word' id='word_1_317' title='bbox 522 4337 548 4390; x_wconf 87' lang='grc'><strong>8.</strong></span> <span class='ocrx_word' id='word_1_318' title='bbox 584 4333 678 4406; x_wconf 78' lang='lat' dir='ltr'><strong>Supra</strong></span> <span class='ocrx_word' id='word_1_319' title='bbox 696 4335 828 4408; x_wconf 89' lang='lat' dir='ltr'><strong>direptus</strong></span> <span class='ocrx_word' id='word_1_320' title='bbox 846 4339 928 4394; x_wconf 80' lang='lat' dir='ltr'><strong>lector</strong></span> <span class='ocrx_word' id='word_1_321' title='bbox 945 4339 1046 4408; x_wconf 71' lang='lat' dir='ltr'><strong>atiquo</strong></span> <span class='ocrx_word' id='word_1_322' title='bbox 1063 4355 1166 4394; x_wconf 71' lang='lat' dir='ltr'><strong>mecam</strong></span> <span class='ocrx_word' id='word_1_323' title='bbox 1180 4339 1291 4408; x_wconf 53' lang='lat' dir='ltr'><strong>pinxit·</strong></span> 
     </span>
     <span class='ocr_line' id='line_1_38' title="bbox 140 4419 1292 4494; baseline 0.005 -21"><span class='ocrx_word' id='word_1_324' title='bbox 140 4419 244 4474; x_wconf 78' lang='lat' dir='ltr'><strong>scilicet</strong></span> <span class='ocrx_word' id='word_1_325' title='bbox 263 4419 314 4474; x_wconf 77' lang='lat' dir='ltr'><strong>loc</strong></span> <span class='ocrx_word' id='word_1_326' title='bbox 336 4420 448 4476; x_wconf 65' lang='lat' dir='ltr'><strong>turtum</strong></span> <span class='ocrx_word' id='word_1_327' title='bbox 470 4428 522 4477; x_wconf 81' lang='lat' dir='ltr'><strong>cat</strong></span> <span class='ocrx_word' id='word_1_328' title='bbox 542 4437 598 4476; x_wconf 74' lang='lat' dir='ltr'><strong>non</strong></span> <span class='ocrx_word' id='word_1_329' title='bbox 619 4423 755 4478; x_wconf 74' lang='lat' dir='ltr'><strong>intellexit</strong></span> <span class='ocrx_word' id='word_1_330' title='bbox 771 4430 821 4479; x_wconf 82' lang='lat' dir='ltr'><strong>out</strong></span> <span class='ocrx_word' id='word_1_331' title='bbox 837 4424 869 4480; x_wconf 79' lang='lat' dir='ltr'><strong>ia</strong></span> <span class='ocrx_word' id='word_1_332' title='bbox 886 4441 938 4494; x_wconf 70' lang='lat' dir='ltr'><strong>my.</strong></span> <span class='ocrx_word' id='word_1_333' title='bbox 955 4432 1021 4480; x_wconf 81' lang='lat' dir='ltr'><strong>acto</strong></span> <span class='ocrx_word' id='word_1_334' title='bbox 1038 4425 1136 4494; x_wconf 79' lang='lat' dir='ltr'><strong>aliquo</strong></span> <span class='ocrx_word' id='word_1_335' title='bbox 1153 4425 1292 4493; x_wconf 66' lang='lat' dir='ltr'><strong>explicare</strong></span> 
     </span>
    </p>
   </div>
   <div class='ocr_carea' id='block_1_6' title="bbox 140 4503 1293 4646">
    <p class='ocr_par' dir='ltr' id='par_1_6' title="bbox 140 4503 1293 4646">
     <span class='ocr_line' id='line_1_39' title="bbox 140 4503 1293 4646; baseline 0.007 -89"><span class='ocrx_word' id='word_1_336' title='bbox 140 4503 337 4646; x_wconf 48' lang='lat' dir='ltr'><strong>aoluiqdqpoq</strong></span> <span class='ocrx_word' id='word_1_337' title='bbox 352 4513 443 4563; x_wconf 74' lang='lat' dir='ltr'><strong>tamen</strong></span> <span class='ocrx_word' id='word_1_338' title='bbox 459 4507 566 4576; x_wconf 67' lang='lat' dir='ltr'><strong>suctum</strong></span> <span class='ocrx_word' id='word_1_339' title='bbox 583 4523 638 4562; x_wconf 78' lang='lat' dir='ltr'><strong>noa</strong></span> <span class='ocrx_word' id='word_1_340' title='bbox 655 4514 704 4564; x_wconf 83' lang='lat' dir='ltr'><strong>est.</strong></span> <span class='ocrx_word' id='word_1_341' title='bbox 748 4509 871 4564; x_wconf 81' lang='lat' dir='ltr'><strong>Ceterum</strong></span> <span class='ocrx_word' id='word_1_342' title='bbox 888 4511 921 4565; x_wconf 81' lang='lat' dir='ltr'><strong>de</strong></span> <span class='ocrx_word' id='word_1_343' title='bbox 938 4511 987 4566; x_wconf 80' lang='lat' dir='ltr'><strong>hoc</strong></span> <span class='ocrx_word' id='word_1_344' title='bbox 1004 4511 1086 4566; x_wconf 80' lang='lat' dir='ltr'><strong>aerbo</strong></span> <span class='ocrx_word' id='word_1_345' title='bbox 1104 4511 1156 4577; x_wconf 76' lang='lat' dir='ltr'><strong>cfr.</strong></span> <span class='ocrx_word' id='word_1_346' title='bbox 1175 4509 1293 4566; x_wconf 78' lang='lat' dir='ltr'><strong>Rubertii</strong></span> 
     </span>
     <span class='ocr_line' id='line_1_40' title="bbox 141 4597 339 4646; baseline 0.015 -3"><span class='ocrx_word' id='word_1_347' title='bbox 141 4597 205 4644; x_wconf 81' lang='lat' dir='ltr'><strong>noto</strong></span> <span class='ocrx_word' id='word_1_348' title='bbox 297 4628 304 4642; x_wconf 88' lang='lat'><strong>.</strong></span> <span class='ocrx_word' id='word_1_349' title='bbox 333 4633 339 4646; x_wconf 90' lang='lat'><strong>.</strong></span> 
     </span>
    </p>
   </div>
   <div class='ocr_carea' id='block_1_7' title="bbox 0 0 1616 5246">
    <p class='ocr_par' dir='ltr' id='par_1_7' title="bbox 0 0 1616 5246">
     <span class='ocr_line' id='line_1_41' title="bbox 0 0 1616 5246; baseline 0 0"><span class='ocrx_word' id='word_1_350' title='bbox 0 0 1616 5246; x_wconf 95' lang='lat' dir='ltr'><strong> </strong></span> 
     </span>
    </p>
   </div>
  </div>
 </body>
</html>
