3298 5244
311 359 355 424 54
539 383 567 423 n.
591 382 710 425 surim
730 383 867 424 sannone
888 383 1088 426 omnoeoavu
1110 383 1170 422 nm.
1193 383 1240 422 111.

313 571 417 634 quare
443 548 589 635 populus
617 549 776 614 irascitur
802 555 838 614 et
864 555 936 614 tam
957 548 1081 632 inique,
1116 555 1154 612 ut
1175 547 1331 612 iniuriam
1353 556 1459 633 putet,

312 658 403 743 quod
430 680 500 722 non
522 657 669 722 libenter
690 659 857 744 pareunt?
892 657 1064 722 contemni
1086 679 1123 721 se
1146 655 1275 722 iudicat
1296 664 1331 721 et
1352 657 1459 742 uultu,

277 773 421 853 egestu,
448 767 568 832 ardore
592 789 612 832 a
633 773 827 853 spectatore
850 767 885 831 in
908 765 1139 832 aduersarium
1160 766 1313 830 uertitur.
1359 765 1460 844 Quic-

311 876 393 963 quid
416 882 469 942 est
490 875 569 960 tale,
603 897 673 941 non
696 881 749 940 est
770 876 828 959 ira,
863 875 925 940 sed
947 875 1044 960 quasi
1065 874 1125 960 ira,
1160 875 1248 940 sicut
1269 896 1460 960 puerorum,

312 986 379 1070 qui,
412 984 440 1050 si
469 983 674 1068 ceciderunt,
708 989 833 1050 terram
860 983 1032 1049 uerberari
1060 983 1189 1067 uolunt,
1224 990 1259 1048 et
1286 1005 1388 1070 saepe
1416 1005 1487 1048 nee

313 1095 425 1160 sciunt
447 1093 593 1178 quidem,
623 1115 683 1157 cur
703 1094 902 1178 irascantur,
925 1093 988 1157 sed
1008 1099 1142 1158 tantum
1164 1093 1364 1177 irascuntur,
1388 1093 1461 1158 sine

313 1225 415 1268 causa
453 1208 488 1268 et
527 1202 599 1266 sine
637 1201 774 1285 iniuria,
818 1223 888 1267 non
919 1207 1036 1266 tamen
1068 1201 1140 1266 sine
1175 1201 1288 1286 aliqua
1319 1202 1461 1268 iniuriae

312 1311 426 1398 specie
464 1333 528 1375 neo
568 1310 640 1375 sine
680 1310 791 1395 aliqua
830 1332 962 1396 poenae
1002 1309 1203 1397 cupiditate:
1255 1310 1462 1376 deluduntur

311 1421 427 1505 itaque
472 1419 660 1485 imitatione
707 1418 883 1505 plagarum
924 1425 959 1483 et
999 1419 1164 1485 simulatis
1205 1419 1461 1505 deprecantium

312 1528 460 1594 lacrimis
480 1527 660 1615 placantur
682 1533 717 1591 et
739 1525 826 1592 falsa
847 1527 976 1592 ultione
998 1526 1105 1592 falens
1129 1527 1226 1593 dolor
1246 1527 1385 1593 tollitur.
1476 1551 1500 1587 10

280 1650 295 1702 l
398 1637 485 1703 [H.⁸·
531 1633 749 1722 „Irascimur“
784 1637 894 1721 inquit
929 1659 1050 1723 „saepe
1078 1658 1147 1702 non
1175 1636 1242 1701 illie
1269 1637 1326 1722 qui
1353 1637 1461 1704 laese·

311 1753 398 1830 runt,
421 1745 482 1812 sed
503 1746 545 1810 iis
567 1745 625 1829 qui
646 1744 771 1810 laesuri
793 1751 887 1811 sunt:
910 1751 949 1810 ut
972 1745 1059 1810 scias
1081 1746 1166 1810 iram
1187 1767 1257 1811 non
1280 1769 1321 1812 ex
1341 1746 1463 1813 iniuria

301 1853 435 1924 enasci.“
491 1855 620 1921 Uerum
650 1859 703 1919 est
729 1853 831 1917 irasci
859 1875 921 1919 nos
949 1853 1105 1936 laesurae,
1139 1854 1201 1919 sed
1229 1855 1303 1941 ipsa
1331 1855 1460 1942 cogita-

312 1962 404 2029 tione
437 1985 500 2028 nos
532 1961 682 2046 laedunt,
717 1967 752 2044 et
773 1960 925 2028 iniuriam
949 1963 1007 2048 qui
1028 1960 1181 2028 facturus
1205 1969 1258 2028 est
1279 1965 1346 2028 iam
1368 1961 1460 2030 facit.

277 2072 383 2158 a„Ut
404 2071 511 2138 soias“
535 2072 646 2156 inquit
677 2093 765 2156 „non
788 2093 862 2136 esse
885 2071 970 2136 iram
991 2093 1123 2157 poenae
1146 2071 1376 2158 cupiditatem,
1409 2074 1460 2138 in·
1476 2097 1501 2133 n

310 2179 491 2246 firmissimi
514 2203 616 2266 saepe
638 2179 883 2266 potentissimis
905 2179 1104 2264 irascuntur,
1127 2203 1192 2244 nec
1214 2202 1360 2266 poenam
1380 2203 1462 2247 con·

312 2290 500 2375 cupiscunt‚
534 2311 635 2373 quam
662 2310 733 2353 non
760 2285 928 2374 sperant.“
981 2289 1130 2354 Primum
1159 2289 1302 2354 diximus
1332 2289 1461 2378 cupidi·

311 2405 418 2464 tatem
435 2421 510 2464 esse
528 2419 660 2484 poenae
673 2396 870 2482 exigendae,
893 2419 962 2462 non
978 2395 1192 2483 facultatem
1217 2399 1463 2486 concupiscunt

312 2514 425 2572 autem
454 2506 608 2572 homines
637 2513 671 2570 et
700 2527 787 2590 quae
816 2527 886 2570 non
912 2514 1065 2591 possunt.
1111 2507 1245 2572 Deinde
1258 2530 1368 2574 nemo
1392 2515 1462 2573 tam

310 2614 446 2680 humilis
476 2621 538 2700 est,
572 2615 628 2699 qui
657 2634 804 2701 poenam
831 2614 886 2679 uel
915 2616 1035 2679 summi
1062 2615 1208 2681 hominis
1233 2638 1369 2702 sperare
1391 2637 1462 2682 non
1476 2641 1501 2679 ao

310 2725 433 2811 possit:
458 2723 501 2788 ad
523 2722 717 2789 nocendum
738 2729 897 2810 potentes
920 2745 1044 2788 sumus.

276 2837 294 2891 3
396 2831 484 2898 IH.¹’·
528 2831 722 2897 Aristotelis
752 2831 860 2896 finitio
890 2854 961 2898 non
989 2831 1132 2898 multum
1160 2855 1181 2898 a
1208 2841 1325 2898 nostra
1348 2833 1460 2900 abest:

311 2942 359 3008 ait
388 2942 478 3007 enim
505 2941 590 3007 iram
618 2963 692 3006 esse
723 2940 943 3027 cupiditatem
973 2940 1099 3006 doloris
1127 2943 1326 3027 reponendi.
1372 2941 1461 3020 Quid

310 3051 400 3115 inter
427 3055 579 3114 nostram
607 3057 642 3113 et
669 3048 757 3114 hanc
785 3049 975 3116 finitionem
1001 3049 1144 3134 intersit,
1179 3052 1300 3136 exequi
1321 3051 1462 3137 longum

312 3165 372 3224 est.
424 3157 553 3223 Contra
579 3163 757 3244 utramque
785 3159 909 3223 dicitur
935 3155 1026 3223 feras
1053 3158 1154 3222 irasci
1181 3181 1245 3224 nee
1267 3160 1390 3225 iniuria
1410 3159 1461 3224 in·
1476 3185 1501 3223 aa

311 3267 430 3332 ritatas
463 3289 527 3332 nec
556 3287 688 3353 poenae
717 3266 888 3332 dolorisue
916 3267 1017 3332 alieni
1045 3289 1160 3350 causa;
1194 3289 1274 3334 nam
1303 3269 1406 3334 etiam
1433 3267 1462 3334 si

276 3374 396 3442 lhaec
425 3373 587 3458 efficiunt,
620 3397 689 3440 non
716 3373 802 3439 haec
825 3380 955 3460 petunt.
1001 3374 1071 3440 Sed
1094 3375 1276 3441 dicendum
1298 3383 1351 3441 eet
1371 3375 1462 3442 feras

311 3483 361 3548 ira
383 3505 498 3548 carere
521 3489 556 3548 et
579 3483 691 3548 omnia
714 3483 893 3564 (animalia)
916 3489 1053 3567 praeter
1073 3482 1260 3568 hominem;
1283 3507 1363 3550 nam
1386 3506 1463 3550 cum

311 3591 355 3657 sit
393 3591 530 3657 inimica
561 3591 703 3675 rationi,
746 3613 912 3676 nusquam
944 3597 1059 3656 tamen
1093 3593 1260 3678 nascitur,
1305 3593 1370 3658 nisi
1404 3591 1462 3659 ubi

311 3701 434 3766 rationi
455 3700 550 3765 locus
569 3705 629 3765 est.
675 3699 827 3786 Impetus
845 3699 976 3765 habent
992 3697 1096 3784 ferae,
1118 3701 1257 3786 rabiem,
1279 3699 1461 3786 feritatem,
1475 3717 1500 3757 ⁸⁰

313 3943 327 3995 1
354 3947 428 4010 quar
444 3937 594 4010 popiusl
697 3941 784 3994 6cur
804 3937 951 4007 Gruterum
978 3940 1026 3994 eui
1044 3937 1102 3998 lL
1205 3941 1224 3996 8
1250 3958 1323 4012 pene
1347 3941 1389 4009 [ut
1404 3941 1463 4006 sere

311 4026 425 4095 seraper)
453 4024 474 4082 l
576 4027 594 4079 9
620 4025 807 4096 detinentium
832 4022 855 4080 l
960 4027 991 4078 ll
1018 4025 1080 4096 inqe
1105 4025 1142 4083 l⁰
1171 4029 1197 4092 (t
1222 4027 1252 4081 in
1278 4041 1334 4081 ras.
1349 4043 1404 4096 pro
1429 4025 1461 4094 d;

310 4163 374 4218 iarn
391 4179 417 4217 u.
437 4164 470 4217 15
487 4169 513 4216 et
530 4177 610 4230 saepe
627 4161 708 4226 auli)
785 4163 817 4216 12
840 4121 967 4233 leciril
995 4163 1077 4230 (eros.
1095 4163 1153 4218 uid.
1172 4148 1199 4246 {il
1276 4165 1308 4218 14
1325 4163 1462 4218 iniuriam

312 4283 366 4334 upa
386 4265 493 4320 iniuria
511 4263 532 4321 l
621 4267 652 4319 19
668 4266 775 4320 tomice
793 4264 830 4320 Α5
851 4267 933 4333 (corr.
952 4266 1008 4321 aid.
1028 4284 1061 4322 aa
1080 4285 1179 4323 omnes
1197 4269 1244 4322 uel
1260 4265 1393 4330 homnae)

311 4351 346 4405 22
370 4349 539 4407 Aristotelis
566 4351 599 4404 de
624 4351 721 4405 anima
743 4366 772 4419 p·
791 4350 846 4404 403
863 4367 893 4416 α,
919 4351 966 4406 30:
996 4355 1050 4423 ipro}
1077 4357 1149 4426 ὄρεξις
1176 4357 1359 4420 α’ντιλυπιξσιως.

311 4435 406 4490 finitio
426 4437 457 4504 Α;
476 4435 607 4492 definitio
625 4435 791 4491 Lactantius
809 4441 835 4489 et
851 4451 931 4488 nona.
953 4431 975 4492 D
1078 4435 1113 4490 23
1130 4437 1288 4506 reponendi
1307 4437 1341 4507 l;
1359 4455 1461 4509 repen·

312 4519 398 4576 dandi
416 4519 591 4577 Lactantius.
651 4521 685 4575 25
702 4520 835 4575 irritatas
854 4518 889 4576 l·
944 4522 978 4575 26
996 4521 1169 4589 dolorislffue
1187 4521 1240 4592 A¹3
1258 4523 1405 4597 dolopisue
1424 4523 1457 4581 l¹

415 4624 504 4663 causa
520 4607 542 4663 l
559 4609 655 4674 (maso
671 4623 760 4676 supra
777 4607 903 4661 ultimum
920 4623 939 4660 a
956 4607 1069 4673 lineola)
1172 4609 1207 4663 28
1233 4608 1371 4664 animalia
1397 4609 1461 4663 aad.

317 4691 420 4746 Vahlen
435 4691 468 4748 in
485 4692 524 4748 ed.
543 4691 629 4748 Koch.
645 4709 675 4760 p.
699 4691 763 4746 Vll.
869 4686 974 4762 preli
