3286 5244
1229 370 1312 436 XIX

160 555 241 612 satis
269 561 353 613 certa
381 561 544 630 supersunt
571 554 715 630 uestigia3
750 552 859 614 deinde
887 555 977 614 etiam
1005 555 1035 613 in
1063 555 1101 614 iis
1134 556 1226 633 locis,
1261 559 1312 618 ubi

159 655 261 734 prima
288 655 439 734 scriptura
466 674 591 734 prorsus
619 675 706 716 erasa
734 663 798 732 est,
829 658 880 733 qui
907 657 996 716 huius
1022 677 1129 718 manus
1151 669 1311 721 cousuetu-

159 759 266 817 dinem
288 757 545 833 animaduerterit,
568 760 671 836 statim
693 759 864 818 certissima
886 759 1068 834 coniectura,
1092 760 1165 836 quid
1187 763 1243 822 sub
1266 764 1314 824 his

159 863 279 920 rasuris
300 863 410 937 lateat,
438 861 539 922 dicere
569 863 691 941 poterit.
746 862 843 923 Multo
871 863 956 942 peior
977 863 1054 922 ratio
1078 869 1125 923 est
1147 884 1249 924 eorum
1271 867 1314 928 lc·

161 985 279 1040 corum,
296 985 423 1041 quorum
439 966 522 1026 haud
538 985 652 1045 paruus
669 986 811 1026 numerus
827 985 882 1045 per
898 974 996 1026 totum
1008 966 1142 1026 codicem
1152 968 1313 1045 inuenitur,

162 1069 216 1128 ubi
250 1069 300 1128 hic
333 1075 485 1128 corrector
517 1070 628 1148 partim
661 1089 733 1129 suas
767 1070 970 1148 coniectuas,
1003 1069 1179 1148 plerumque
1208 1071 1313 1148 falsas,

160 1172 274 1250 partim
301 1171 469 1250 scripturas
499 1193 536 1232 ex
564 1173 664 1249 aliquo
692 1173 843 1252 pessimae
872 1181 962 1232 notae
991 1173 1095 1232 codice
1129 1173 1313 1254 desumptas,
1397 1228 1401 1234 .

161 1295 254 1351 quem
276 1275 306 1334 in
329 1274 507 1352 corrigendo
535 1275 811 1350 adhibuit,‚erasis
833 1277 865 1334 ll'
890 1277 1048 1354 scripturis
1076 1277 1248 1352 substituit;
1284 1286 1315 1338 et

161 1387 236 1436 sunt
269 1377 390 1454 quidem
418 1378 498 1438 inter
524 1379 580 1438 hos
608 1379 692 1438 locos
722 1380 875 1456 nonnulli,
905 1380 957 1438 nbi
986 1379 1035 1438 uel
1063 1399 1100 1437 ex
1127 1381 1315 1456 parcissimis
1426 1393 1429 1402 ⁴

160 1481 307 1557 antiquae
340 1482 509 1560 scripturae
540 1483 680 1560 uestigiis
710 1483 759 1542 uel
788 1482 930 1542 adhibitis
959 1481 1148 1558 quorumdam
1177 1483 1315 1545 codicum

161 1584 349 1644 deteriorum
376 1585 557 1645 testimoniis
588 1585 738 1663 expiscari
766 1585 852 1662 licet,
876 1585 948 1662 quid
971 1603 1078 1644 manus
1099 1585 1198 1663 prima
1219 1587 1314 1667 scrip-

160 1689 247 1758 serit,
266 1688 422 1764 inquere,
442 1696 558 1748 utente
577 1688 648 1764 dixi,
667 1688 805 1748 Koohius
821 1708 882 1748 non
898 1695 1016 1748 tantum
1034 1685 1146 1762 effecit,
1170 1699 1315 1765 quantum

161 1790 248 1850 effici
280 1799 400 1876 poterat
427 1791 547 1869 iamque
575 1791 613 1851 ab
646 1792 734 1852 Italis
762 1791 899 1852 Fickerti
932 1789 1137 1850 conlatoribus
1171 1791 1315 1853 effectum

160 1902 245 1968 erat;
276 1893 332 1953 sed
353 1901 518 1972 supersunt
539 1895 598 1954 loci
619 1894 716 1971 multi,
745 1895 798 1954 ubi
821 1915 857 1956 ea
878 1895 953 1971 sola,
977 1913 1054 1969 quae
1077 1897 1110 1952 Αδ
1128 1895 1260 1974 scripsit,
1283 1895 1314 1955 in

160 2005 250 2056 textu
273 1997 484 2058 constituendo
505 2018 560 2076 pro
583 1995 780 2058 fundamento
802 1998 914 2057 habere
938 1997 1087 2075 cogimur,
1116 1997 1197 2074 quod
1224 2018 1314 2074 quam

159 2101 312 2160 incertum
345 2101 400 2176 sit,
434 2101 524 2162 facile
557 2109 692 2181 apparet.
754 2099 956 2162 Conseruntur
988 2101 1068 2160 inter
1101 2102 1312 2178 correctiones,

160 2224 243 2280 quae
266 2201 305 2263 ed
326 2204 416 2282 prius·
433 2223 531 2281 genus
552 2204 720 2283 pertinent,
750 2223 812 2282 eae,
837 2225 914 2281 quae
936 2203 984 2263 his
1006 2203 1082 2262 locis
1104 2202 1312 2264 inueniuntur:

159 2327 192 2384 p.
209 2308 259 2381 12,
280 2310 313 2382 1,
339 2308 388 2383 18,
408 2309 442 2382 1,
467 2309 518 2384 78,
537 2309 571 2382 3,
596 2309 646 2382 84,
665 2309 684 2366 2
702 2309 783 2383 et3;
807 2309 858 2382 88,
879 2310 932 2382 10;
957 2307 1008 2382 90,
1028 2308 1043 2364 1
1063 2307 1161 2380 ο125,
1186 2307 1237 2381 96,
1255 2309 1311 2381 22,

163 2410 238 2484 134,
263 2409 297 2484 5,
334 2411 464 2486 192,1,
499 2412 572 2486 225,
596 2411 651 2485 20,
686 2411 758 2486 249,
782 2412 818 2486 4,
846 2411 954 2470 uthis
984 2416 1145 2469 contentus
1168 2409 1239 2484 sim;
1274 2409 1313 2468 ad

160 2512 295 2572 alterum
321 2531 418 2590 genus
444 2514 598 2592 pertinent
625 2513 656 2572 hi
683 2513 756 2573 loci:
790 2534 819 2592 p.
846 2513 895 2589 16,
926 2514 981 2586 16,
1015 2514 1066 2587 82,
1093 2513 1145 2587 13,
1181 2513 1232 2588 84,
1258 2514 1311 2587 18,

159 2617 215 2690 86,
241 2617 260 2674 7
283 2624 314 2675 et
335 2617 391 2691 22,
415 2617 467 2691 87,
490 2617 526 2690 8,
558 2617 689 2691 92,19,
718 2618 828 2692 93,1,
860 2619 930 2692 112,
953 2617 989 2688 9,
1022 2617 1093 2691 118,
1117 2617 1151 2690 9,
1176 2617 1248 2692 214,
1274 2618 1310 2674 11
1364 2611 1372 2634 “

160 2727 194 2776 et
216 2717 305 2776 multi
327 2719 386 2778 alii.
443 2717 632 2797 Singularem
661 2719 790 2796 denique
817 2720 1115 2779 huius'correotoris
1138 2737 1260 2797 operam
1282 2719 1313 2778 in

163 2819 298 2880 euanide
323 2841 431 2882 manns
459 2823 575 2901 primae
602 2823 755 2902 scriptura
781 2821 956 2883 renouanda
984 2822 1114 2900 positam
1143 2821 1202 2881 iam
1225 2839 1317 2899 supra

164 2925 400 2985 commemoraui
423 2925 545 3003 dixique
570 2946 639 2985 eum
656 2925 834 3005 plerumque
850 2924 981 2984 fideliter
996 2924 1120 3001 antiqua
1136 2943 1316 2997 renouasse;

163 3007 318 3088 interdum
335 3036 436 3088 tamen
453 3029 606 3089 continere
623 3049 657 3089 se
674 3050 734 3089 non
751 3029 864 3108 potuit,
888 3028 960 3104 quin
982 3027 1032 3086 hic
1060 3047 1178 3104 quoque
1201 3026 1239 3086 de
1262 3047 1316 3086 sno

164 3131 253 3191 falsa
269 3129 396 3192 inferret
413 3126 482 3208 (cfr.
494 3153 524 3210 p.
538 3133 589 3208 38,
606 3133 626 3190 6
645 3139 676 3191 et
694 3133 748 3207 13,
777 3134 835 3207 40,
858 3133 899 3190 22
923 3139 954 3191 et
975 3132 1026 3206 27,
1049 3148 1087 3189 ne
1105 3129 1143 3188 de
1161 3129 1317 3206 orthogra-

163 3233 266 3314 phicis
284 3231 408 3310 dicam);
432 3233 497 3308 sed,
510 3235 569 3294 nisi
585 3253 710 3295 rasurae
722 3241 926 3310 accesserunt,
944 3233 1030 3293 fraus
1042 3231 1132 3292 facile
1155 3231 1316 3309 detegitur.

254 3337 334 3397 Huic
362 3337 461 3398 manui
490 3344 590 3397 aetate
619 3357 733 3416 suppar
762 3345 794 3397 et
821 3337 902 3414 quod
931 3336 970 3396 ad
998 3335 1157 3396 atramenti
1186 3335 1317 3395 colorem

165 3441 396 3518 litterarumque
424 3440 551 3501 formam
579 3442 688 3501 attinet
714 3440 780 3500 fere
802 3439 908 3500 similis
938 3459 975 3501 ea
1004 3447 1068 3514 est,
1097 3459 1187 3515 quam
1210 3440 1243 3496 ll
1265 3459 1316 3516 ap-

165 3543 299 3623 pellaui;
340 3543 492 3604 interdum
525 3545 615 3604 etiam
649 3543 781 3604 dubitari
819 3552 936 3622 potest,
975 3551 1077 3601 utrum
1115 3541 1317 3602 correctiones

164 3649 237 3706 hnic
282 3668 318 3706 an
366 3647 409 3706 illi
452 3648 545 3707 tribui
589 3647 740 3723 debeant,
784 3646 839 3706 sed
877 3646 951 3706 haec
995 3653 1097 3704 tamen
1140 3645 1317 3722 plerumque

167 3752 258 3810 aliam
280 3751 311 3809 in
333 3749 512 3827 corrigendo
534 3749 683 3809 rationem
705 3756 812 3808 secuta
833 3759 896 3824 est,
930 3769 990 3824 qua
1018 3747 1094 3820 satis
1117 3755 1199 3807 certo
1223 3748 1261 3806 ab
1284 3748 1318 3805 l⁶

167 3837 360 3914 discernitur.
415 3852 494 3913 Nam
523 3872 591 3913 cum
618 3856 652 3911 Αὓ
678 3852 870 3932 impudenter
903 3871 1027 3911 resurae
1061 3849 1171 3909 auxilio
1204 3858 1316 3925 utatur,

167 3960 201 4016 l*
223 3957 289 4017 fere
311 3976 431 4036 semper
453 3957 518 4016 sine
540 3976 648 4017 rasura
670 3956 873 4016 correctiones
896 3973 969 4014 suas
992 3953 1041 4012 nal
1063 3955 1093 4013 in
1116 3953 1251 4030 margine
1268 3952 1317 4010 uel

167 4081 263 4140 snpra
278 4079 401 4120 uersum
417 4059 565 4120 adscribit
576 4069 613 4138 ,et
630 4059 673 4119 ite
690 4059 822 4136 quidem,
839 4065 874 4117 ut
890 4077 943 4117 eas
960 4056 1141 4136 antepositis
1158 4055 1244 4134 siglis
1262 4059 1316 4114 cf·

167 4163 220 4238 (ε’
245 4164 446 4238 commendam
468 4157 543 4236 cell)
572 4171 625 4222 ant
639 4164 662 4219 ‘l
686 4163 737 4234 (-
759 4157 819 4236 cel)
848 4169 900 4222 aut
921 4159 1073 4220 interdum
1096 4161 1130 4220 al
1154 4163 1206 4234 (⁵²
1230 4155 1316 4234 aiios)

166 4275 266 4342 ποῖοι,
300 4266 407 4326 harum
430 4265 663 4342 correctionum,
698 4285 774 4342 quas
796 4264 956 4324 maximam
979 4271 1061 4322 certe
1082 4269 1199 4341 partem
1220 4261 1316 4339 ipsius

167 4369 348 4430 correctoris
370 4368 490 4445 ingenio
513 4366 617 4428 deberi
638 4387 817 4447 persuasum
840 4366 912 4426 milri
934 4373 991 4442 est,
1022 4365 1099 4426 aliae
1121 4364 1197 4424 satis
1220 4365 1317 4422 bonae

168 4481 240 4532 sunt
263 4467 331 4548 (cfr.
351 4493 381 4550 p.
400 4473 451 4547 25,
474 4473 510 4545 3,
536 4472 586 4546 78,
605 4473 660 4546 23,
685 4472 736 4547 90,
759 4471 814 4546 25,
840 4471 911 4544 133,
935 4469 993 4542 23,
1020 4469 1089 4543 134,
1108 4469 1143 4541 7,
1169 4467 1240 4542 135,
1259 4467 1315 4541 23,
1430 4507 1436 4520 .

169 4577 241 4649 144,
265 4577 300 4650 9,
324 4575 397 4648 237,
423 4576 460 4633 12
484 4582 515 4634 et
530 4573 593 4649 16,
617 4575 689 4648 238,
715 4574 770 4648 19,
794 4574 866 4647 239,
893 4573 946 4645 17,
971 4569 1043 4646 241,
1066 4565 1217 4644 4ο117),
1241 4569 1317 4628 aliae

166 4679 242 4738 mire
270 4697 383 4755 prauae
411 4673 479 4750 (cfr.
502 4698 532 4755 p.
559 4677 608 4751 13,
632 4678 667 4752 3,
702 4677 752 4752 30,
786 4679 838 4748 18,
874 4676 925 4747 64,
949 4675 983 4746 9,
1017 4673 1068 4747 83,
1093 4673 1149 4746 25,
1184 4673 1235 4747 86,
1259 4673 1315 4746 22,

1051 4783 1091 4825 11·
