3182 5252
279 377 342 442 336
511 400 539 440 u.
563 400 681 442 aarum
702 399 838 440 muscae
859 396 1060 438 orauoooavu
1081 396 1142 436 um.
1166 397 1197 436 x.

280 575 336 632 tur
357 589 420 630 neo
443 565 512 630 ulla
534 586 636 651 prece
658 563 808 629 flectitur
830 561 975 649 populus
998 562 1159 628 esuriens.
1203 560 1308 626 Modo
1329 560 1436 625 modo

280 676 370 740 intra
392 673 617 770 paucos0illos
640 673 723 757 dies,
747 673 869 758 quibus
892 671 928 736 Ο.
949 670 1075 736 Gaesar
1095 670 1206 756 periit,
1230 669 1358 754 siquis
1381 670 1436 734 in-

281 783 363 850 feris
391 805 510 848 sensus
534 790 595 867 est,
628 781 694 847 hoo
716 781 916 868 grauissime
939 777 1063 864 ferens,
1097 778 1189 864 quod
1209 778 1338 866 populo
1361 779 1436 844 Ro-

281 915 380 958 mano
411 891 601 978 superstite,
636 890 796 956 dicebant
824 897 955 976 septem
984 895 1043 954 aut
1071 893 1149 952 octo
1180 894 1273 952 certe
1302 886 1439 952 dierum

283 1001 411 1066 cibaria
433 1021 627 1086 superesse:
666 998 747 1062 dum
769 999 827 1064 ille
847 1005 971 1085 pontes
993 997 1138 1062 nauibus
1161 996 1272 1080 iungit
1295 1003 1330 1060 et
1351 995 1468 1060 uiri-s

280 1110 345 1175 bus
367 1109 487 1195 imperi
508 1107 606 1191 ludit,
630 1107 748 1172 aderat
767 1107 922 1172 ultimum
940 1105 1104 1170 malorum
1122 1105 1270 1170 obsessis
1289 1125 1437 1189 quoque,

283 1219 519 1284 alimentorum
553 1223 704 1302 egestas;
740 1216 843 1282 exitio
874 1237 983 1301 paene
1014 1237 1053 1279 ac
1082 1211 1172 1278 fame
1203 1213 1357 1278 constitit
1389 1221 1437 1294 et,

285 1349 370 1412 quae
393 1325 518 1391 famem
540 1325 701 1408 sequitur,
736 1347 849 1390 rerum
872 1324 1020 1389 omnium
1042 1321 1139 1387 ruina
1160 1320 1280 1386 furiosi
1303 1320 1438 1384 externi

249 1443 319 1500 eet
347 1433 531 1499 infeliciter
558 1433 695 1519 superbi
724 1433 814 1520 regis
837 1432 991 1498 imitatio.
1048 1431 1158 1508 Quem
1178 1437 1261 1496 tunc
1285 1430 1439 1494 animum

284 1541 476 1608 habuerunt
496 1541 555 1624 illi,
585 1542 707 1626 quibus
731 1549 804 1606 erat
825 1541 988 1606 mandata
1008 1537 1170 1604 frumenti
1192 1537 1319 1626 publici
1341 1559 1437 1620 cura,
1456 1567 1484 1602 ιο

285 1673 375 1733 saxa,
397 1649 533 1732 fenum,
556 1650 663 1735 ignes,
687 1650 811 1715 Gaium
834 1649 1032 1736 excepturi?
1083 1647 1221 1712 Summa
1243 1645 1437 1712 dissimula-

284 1761 378 1826 tione
411 1766 544 1824 tantum
576 1758 666 1822 inter
698 1759 830 1824 uiscera
864 1757 1004 1824 latentis
1037 1757 1118 1822 mali
1150 1755 1324 1841 tegebant,
1356 1776 1438 1818 cum

284 1868 416 1934 ratione
472 1867 619 1949 scilicet3
676 1867 843 1951 quaedam
894 1867 983 1932 enim
1034 1864 1270 1951 ignorantibus
1322 1863 1438 1948 aegris

285 1976 435 2040 curanda
465 1983 567 2040 sunt:
594 1997 696 2040 causa
724 1975 839 2040 multis
866 1975 1034 2040 moriendi
1061 1973 1127 2039 fuit
1154 1973 1309 2038 morbum
1336 1993 1439 2036 suum

284 2107 394 2150 nosse.
1457 2111 1486 2146 ιε

181 2199 186 2210 ’
253 2202 267 2253 1
370 2192 470 2258 XIX.
516 2193 644 2278 Recipe
663 2201 697 2257 te
717 2193 761 2258 ad
774 2191 859 2258 haec
872 2192 1115 2276 tranquilliora,
1135 2189 1272 2274 tutiora,
1291 2189 1438 2254 maiora!

286 2301 402 2366 Simile
431 2308 469 2365 tu
496 2309 595 2387 putas
625 2323 708 2384 esse,
743 2307 856 2366 utrum
885 2323 992 2385 cures,
1025 2308 1065 2365 ut
1091 2300 1323 2384 incorruptum
1350 2305 1387 2363 et
1416 2319 1439 2362 a

286 2407 406 2474 fraude
429 2407 672 2474 aduehentium
695 2417 730 2474 et
752 2431 771 2474 a
793 2409 1013 2496 neglegentia
1035 2405 1242 2472 frumentum
1265 2405 1439 2472 transiun-

289 2533 515 2541 ——----—.

288 2592 302 2643 1
320 2607 406 2660 prpce
426 2590 446 2646 Α
533 2588 620 2643 Modo
638 2589 724 2644 modo
744 2587 845 2642 Seneca
863 2589 961 2643 iterum
979 2589 1011 2641 in
1028 2603 1099 2642 cons.
1118 2588 1155 2641 ad
1172 2587 1252 2643 Helo.
1270 2591 1297 2654 2,
1314 2591 1331 2641 5
1349 2587 1439 2654 aiut,-

287 2680 429 2731 imcenitur
455 2677 536 2731 etiam
560 2675 635 2743 opud
656 2677 809 2729 Paeonium
836 2674 925 2742 (copp-
945 2675 987 2727 37.
1005 2675 1051 2727 42.
1069 2675 1104 2727 46
1122 2681 1199 2740 exta,
1225 2674 1273 2728 ubi
1290 2672 1441 2728 Roseus

1364 2759 1371 2796 i

287 2831 390 2882 semper
408 2812 501 2880 modo,
520 2811 605 2866 modo
624 2813 724 2876 scribit,
742 2811 792 2866 uir
809 2811 899 2878 recte.)
1001 2811 1019 2864 2
1046 2810 1096 2879 qb;
1120 2811 1125 2877 Ι
1149 2800 1184 2866 (i.
1204 2829 1287 2866 cesar
1304 2811 1381 2880 perit
1399 2811 1437 2866 11ι

389 2899 406 2952 3
432 2897 603 2968 grauissime
624 2895 749 2951 Solorius
772 2905 797 2951 et
815 2897 941 2964 Lipsius3
969 2895 1134 2964 gratissime
1153 2896 1173 2953 Α
1277 2895 1353 2966 quod
1371 2913 1438 2965 pop.

287 2985 369 3042 Rom.
395 2983 561 3054 superstite,
589 2983 727 3038 dicebant
746 2983 871 3050 Modicia,
898 2983 954 3036 usti.
975 2981 1045 3036 stud
1069 2983 1127 3036 crit.
1150 2999 1177 3050 p.
1196 2983 1247 3036 157
1264 2989 1332 3050 not;
1360 2979 1439 3050 quod

287 3069 404 3124 dicebat
429 3073 432 3132 Ι
457 3069 532 3124 .P.R.
560 3085 648 3138 super
675 3068 744 3122 stite
763 3068 796 3135 Α;
823 3086 862 3122 on
889 3067 1072 3120 secumdum.-
1099 3067 1176 3136 quod
1203 3066 1340 3122 dicebant
1357 3083 1384 3135 p.
1402 3065 1439 3120 R

287 3154 440 3224 superstiti
456 3161 568 3224 septem
580 3197 585 3208 .
597 3196 602 3208 .
613 3171 773 3223 superesse,
792 3152 894 3228 dum..
906 3195 912 3208 .
923 3151 1058 3221 egestas?
1095 3151 1142 3206 Sic
1151 3154 1233 3206 uerbo
1243 3153 1321 3207 intra
1329 3169 1440 3222 paucos

288 3241 355 3296 illos
373 3241 435 3295 dies
446 3283 451 3296 .
463 3282 469 3294 .
479 3239 581 3295 ederat
591 3282 597 3294 ,
608 3282 614 3294 .
625 3245 741 3308 egestas
757 3241 918 3308 iunguntur,
936 3239 1008 3306 quod
1024 3241 1126 3292 rectura
1143 3239 1205 3302 ficri
1223 3239 1339 3304 aldem,
1357 3255 1440 3306 mcum

287 3330 314 3381 ω’
330 3327 408 3380 intra
426 3343 534 3396 paucos
552 3325 618 3379 illos
637 3324 699 3379 dies
710 3367 715 3379 .
727 3367 732 3378 .
743 3323 897 3378 dicebant.
908 3367 914 3378 .
925 3341 1078 3392 superesse
1094 3324 1196 3392 iungas
1214 3334 1289 3387 lnam
1297 3327 1440 3393 sicpotius

289 3505 334 3552 est
351 3501 450 3552 rectius
463 3497 559 3551 aaron
572 3497 703 3551 uideatur
719 3495 796 3562 (nam
810 3495 958 3563 finpier
975 3493 1078 3548 Caesar
1091 3495 1159 3548 laec
1172 3495 1312 3560 inlusoris
1320 3493 1440 3560 andus),

287 3585 401 3651 itemque
415 3589 494 3638 certe
513 3583 557 3650 l:
566 3579 981 3650 weniysteasciebenoderactt)
999 3583 1092 3647 aptius
1103 3583 1224 3646 ponitur.
1263 3579 1440 3636 Hoc-mneos

290 3668 386 3734 οὺεεαι,
414 3669 484 3736 quod
506 3667 538 3722 in
562 3668 613 3721 bac
630 3670 770 3735 scriptura
788 3665 940 3735 superstiti
959 3666 1102 3719 abundare
1119 3665 1238 3720 uidetur.
1342 3667 1358 3720 5
1385 3681 1439 3733 sup

290 3770 355 3808 ease.
371 3753 404 3810 tl
422 3756 452 3807 in
469 3753 524 3818 fine
540 3768 637 3808 uersus
654 3753 685 3807 in
702 3769 759 3806 ros.
778 3753 895 3817 Μαίονος
915 3751 948 3806 l*
970 3757 1000 3804 ut
1017 3749 1074 3804 uid.
1093 3768 1148 3820 sup
1167 3767 1264 3806 eresse
1283 3751 1438 3820 scripserat.

501 3849 509 3875 Ι

367 3891 384 3944 6
401 3889 505 3959 imperi
524 3891 603 3956 (corr.
623 3907 695 3944 man.
714 3889 858 3960 recentior)
878 3889 903 3944 l*
1006 3889 1022 3941 7
1041 3873 1131 3942 exitio
1149 3889 1202 3952 l¹;
1221 3888 1314 3943 exitia
1332 3874 1363 3943 ll

292 3991 363 4045 pene
383 3992 417 4028 ac
436 3974 513 4045 fame
533 3974 561 4040 Α,
579 3991 649 4030 corr.
669 3993 711 4044 up.
763 3977 781 4029 8
798 3973 901 4028 furiosi
920 3973 1033 4028 externi
1052 3975 1153 4042 scripsi
1172 3975 1250 4028 Slud.
1269 3977 1328 4028 crit
1336 3973 1423 4041 121⁵?
1431 3991 1438 4036 ;

290 4059 439 4115 furiosi&
457 4059 610 4116 externit
714 4061 730 4106 u
748 4060 881 4132 Qupmt
985 4061 1018 4112 10
1036 4059 1147 4129 publici
1165 4067 1195 4120 (u
1213 4075 1284 4115 corr.
1304 4075 1336 4112 ex
1353 4057 1382 4122 b)
1401 4056 1434 4113 t*

327 4207 329 4212 ,
394 4163 471 4214 cura,
490 4163 594 4200 saxa..
613 4146 784 4216 excepturi?
820 4147 939 4200 Summa
957 4147 1119 4214 interpam
1135 4147 1152 4200 l.
1171 4147 1201 4212 ις
1226 4145 1317 4199 cura?
1335 4161 1438 4198 saxa..

291 4231 442 4312 excepturi
461 4249 573 4286 summa
590 4248 634 4300 up.
739 4233 771 4286 ll
793 4231 874 4300 ignes
899 4231 1016 4300 agn'um
1034 4231 1203 4300 excepturi*
1230 4230 1276 4298 et²;
1303 4229 1368 4298 igne
1387 4245 1439 4298 ega

291 4318 350 4371 ium
369 4315 535 4386 excepturis
554 4317 590 4373 Α1
697 4319 730 4372 12
747 4324 861 4372 tantum
880 4319 913 4385 Λ;
938 4323 1052 4370 tantum
1071 4316 1154 4383 (uim)
1173 4315 1241 4370 coni.
1266 4315 1307 4370 W.
1328 4315 1438 4380 Gemoll,

291 4411 321 4458 ut
338 4411 454 4457 tantum
474 4418 528 4472 pro
545 4404 676 4458 adsertio
695 4403 861 4472 accipiebam
888 4405 935 4456 scd
953 4404 1021 4470 quid
1037 4402 1196 4468 offensionis
1213 4399 1438 4455 tantum..mali

290 4489 395 4556 Macar,
422 4505 478 4543 non
499 4491 631 4560 intellego.
737 4490 768 4542 14
795 4504 884 4542 causa
907 4487 929 4544 Α
955 4489 998 4555 (ln
1021 4490 1076 4554 fine
1099 4505 1203 4552 uersus,
1233 4487 1277 4540 ubi
1295 4503 1328 4540 m.
1346 4487 1362 4538 1
1379 4486 1456 4538 cliu'

291 4575 399 4630 litterae
416 4593 435 4629 a
457 4577 555 4644 fornia,
580 4593 613 4630 oc
631 4577 704 4640 solet,
729 4592 780 4630 usa
799 4581 852 4641 est·
877 4575 925 4628 sed
941 4571 1012 4628 aasz
1027 4575 1072 4628 lac
1089 4582 1237 4628 conectam
1255 4573 1303 4638 eat)

295 4711 325 4765 u
344 4670 507 4766 s'rrauue
526 4712 563 4769 l1'
