3286 5244
1321 399 1371 458 XI

221 592 340 668 deinde,
375 612 443 652 cum
469 611 576 651 manus
604 591 702 670 prima
728 589 936 669 archetypum,
959 601 994 650 ιιι
1016 590 1130 669 opinor,
1164 591 1195 648 in
1217 589 1371 668 plerisque

221 703 303 757 certe
342 693 418 756 locis
455 702 561 755 secuta
598 693 716 754 litteras
755 694 835 754 inter
861 695 961 754 'uerba
993 713 1084 772 saepe
1117 693 1248 772 pessimo
1282 692 1370 753 modo

221 799 438 873 distribuisset,
472 796 659 876 separandas
689 797 905 870 coniunxisset,
940 795 1164 873 coniungendas
1187 802 1370 874 separasset,

220 902 278 962 hos
305 921 422 964 errores
449 901 593 962 adhibitis
621 900 783 980 separandi
812 905 842 960 et
870 898 1071 977 coniungendi
1094 899 1190 977 siguis
1218 895 1242 975 <ss
1266 907 1296 960 et
1321 899 1371 970 υ)

221 1057 352 1136 correxit
373 1053 441 1131 (cfr.
465 1077 495 1115 ιι.
519 1075 544 1116 c.
567 1076 597 1134 p.
619 1057 648 1131 9,
673 1056 712 1114 16
732 1013 1073 1168 phadioimotwtur-
1089 1055 1187 1129 gladio
1208 1072 1372 1116 summoue·

224 1207 318 1286 taust)
341 1219 372 1270 et
394 1211 438 1270 sic
455 1206 659 1289 saepissime);
683 1209 834 1269 interdum
852 1209 942 1270 etiam
959 1207 1093 1269 radendo
1113 1209 1259 1270 eiusmodi
1276 1209 1370 1288 scrip·

221 1324 308 1376 turae
325 1313 439 1393 primae
456 1313 530 1374 uitia
548 1313 685 1374 remouit.
730 1313 824 1372 Porro
836 1312 912 1373 haec
923 1332 1030 1373 manue
1042 1331 1144 1393 saepe,
1167 1313 1219 1372 ubi
1231 1316 1263 1374 ll'
1275 1313 1372 1373 solam

222 1438 237 1478 0
253 1417 384 1478 litteram
401 1436 455 1496 pro
472 1436 507 1476 cc
523 1417 698 1496 scripserat,
721 1415 869 1494 uirgulam
887 1416 1018 1476 litteram
1030 1435 1049 1476 a
1060 1416 1280 1494 significantem
1301 1414 1370 1493 (cfr.

221 1543 251 1600 p.
272 1521 343 1594 159,
363 1522 401 1580 19
418 1515 462 1594 ιι.)
481 1520 600 1580 litterae
617 1537 633 1579 e
650 1519 798 1580 adiecisse
815 1518 936 1579 uidetur
952 1520 1001 1594 (ol,
1022 1539 1212 1597 quamquam,
1232 1528 1266 1581 ut
1282 1521 1372 1582 facile

222 1623 417 1702 intellegitur,
447 1622 551 1684 multis
573 1622 649 1683 locis
672 1621 803 1682 discerni
826 1621 877 1681 uix
899 1628 1010 1700 potest,
1034 1629 1134 1682 utrum
1155 1623 1231 1685 haec
1253 1624 1372 1702 uirgula

221 1727 322 1787 manui
343 1727 459 1806 primae
481 1746 519 1787 an
542 1725 695 1788 secundae
717 1725 873 1801 debeatur,
896 1724 1025 1803 ideoque
1046 1726 1077 1786 in
1098 1726 1156 1786 hac
1178 1747 1212 1788 rs
1234 1725 1371 1787 diuersas

221 1851 329 1890 manus
350 1831 381 1890 in
404 1829 618 1890 commentario
641 1829 708 1889 fers
730 1847 790 1888 non
812 1827 951 1902 distinxi;
983 1838 1116 1889 ceterum
1138 1849 1230 1909 saepe
1252 1830 1372 1908 uirgula

221 1934 342 1994 litterae
363 1953 378 1994 0
398 1954 493 2012 praue
521 1933 625 1993 addita
652 1931 810 2011 reperitur.
866 1931 984 1992 Deinde
1011 1932 1129 1994 litteras
1157 1940 1210 1994 aut
1236 1934 1371 2013 syllabae

222 2057 325 2098 errore
346 2037 478 2117 scriptas
500 2037 622 2116 punctis
644 2035 763 2096 ιιοιιιιιίι
783 2043 944 2112 rectasque
966 2053 1058 2115 supra
1075 2055 1198 2097 uersum
1216 2037 1373 2098 substituit

223 2140 290 2211 (cfr.
313 2161 342 2200 u.
366 2160 392 2200 c.
415 2161 444 2219 p.
468 2141 499 2215 2,
525 2141 578 2212 12;
609 2141 637 2214 7,
662 2140 719 2212 22,
748 2140 778 2214 8,
802 2137 854 2208 23)
883 2145 936 2198 ant
957 2139 1015 2200 alio
1038 2139 1126 2200 modo
1150 2141 1280 2200 correxit
1302 2137 1370 2214 (cfr.

221 2264 251 2322 p.
278 2246 327 2318 12,
352 2247 386 2316 1,
411 2245 461 2318 16,
484 2238 526 2316 5).
576 2241 697 2304 Deinde
719 2240 838 2302 litteras
860 2247 913 2301 aut
935 2243 1069 2322 syllabas
1092 2263 1297 2323 superuacuae
1320 2251 1372 2303 aut

222 2347 325 2422 uerba,
360 2367 437 2424 quae
471 2365 578 2406 manus
611 2345 709 2425 prima
740 2345 788 2405 bis
819 2345 992 2424 scripserat,
1027 2347 1121 2407 semel
1152 2347 1242 2407 etiam
1270 2355 1372 2407 notam

222 2447 428 2526 marginalem,
462 2470 541 2527 quae
570 2468 672 2510 errore
694 2448 725 2507 in
746 2454 864 2508 textum
886 2449 1044 2529 scriptoris
1068 2451 1228 2510 uerborum
1250 2455 1372 2527 recepta

222 2559 289 2612 erat
322 2551 363 2632 (p.
389 2554 459 2628 136,
490 2547 532 2627 3),
566 2557 619 2613 aut
650 2552 694 2611 ita
725 2551 863 2628 remouit,
897 2559 932 2610 ιιι
963 2553 1085 2632 punctis
1117 2553 1192 2614 haec
1226 2551 1372 2632 adpositis
1481 2575 1491 2592 =

221 2661 350 2730 notaret,
381 2663 435 2716 aut
455 2655 508 2730 ita,
539 2661 574 2715 ut
594 2655 682 2714 lineis
704 2655 888 2715 transuersis
911 2650 935 2730 (l
944 2651 956 2730 l
980 2653 1030 2716 uel
1052 2651 1165 2731 ψ)
1187 2657 1370 2736 perl'crsret3
1433 2715 1435 2718 .

223 2758 262 2818 ad
283 2759 341 2818 hoc
364 2758 534 2836 corrigendi
555 2777 661 2837 genus,
695 2765 731 2816 ut
751 2757 823 2818 mihi
846 2758 967 2834 quidem
989 2777 1167 2839 persuasum
1190 2766 1247 2834 est,
1278 2759 1373 2819 maior

222 2880 294 2940 pars
317 2881 419 2922 eorum
442 2861 646 2940 exemplorum
667 2860 807 2939 pertinet,
831 2881 909 2938 quae
931 2861 1068 2922 Kochius
1090 2862 1122 2922 in
1143 2861 1239 2943 praef.
1263 2883 1292 2941 p.
1311 2861 1371 2921 XV

222 2963 334 3038 attulit,
366 2971 520 3042 tamquam
546 2965 622 3026 haec
648 2965 716 3044 ipsa
738 2965 770 3022 l¹
793 2965 976 3027 correxisset
1003 2961 1044 3044 (p.
1071 2968 1142 3044 131,
1174 2969 1205 3040 l;
1242 2965 1312 3040 136,
1337 2967 1370 3038 33

224 3068 296 3142 137,
323 3069 344 3127 4
367 3074 397 3128 et
422 3070 476 3143 113
510 3069 583 3142 223,
613 3069 646 3143 7;
681 3071 754 3144 239,
784 3071 818 3142 5;
852 3066 891 3128 (10
912 3089 941 3148 p.
966 3070 995 3142 9,
1021 3070 1076 3142 17;
1114 3070 1184 3144 150,
1210 3070 1248 3128 16
1282 3068 1372 3148 plane

220 3170 300 3232 falsa
316 3171 434 3232 rettulit
450 3172 601 3247 Kochius;
625 3192 655 3252 p.
669 3173 741 3246 319,
765 3173 784 3230 5
800 3172 951 3232 recentior
968 3192 1074 3232 manus
1098 3172 1265 3233 correxisse
1287 3170 1371 3231 uide·

220 3269 292 3350 tur),
315 3273 469 3352 multaque
491 3274 551 3335 alia
572 3275 710 3354 exempla
731 3275 763 3334 in
780 3275 994 3336 commentario
1011 3276 1213 3355 reperientur-3
1237 3281 1371 3334 ceterum

220 3379 252 3438 in
274 3377 321 3438 his
343 3397 463 3454 quoque
485 3398 545 3439 nou
566 3397 636 3440 raro
659 3377 785 3439 difficile
807 3397 875 3438 esse
897 3386 1052 3440 auctorem
1074 3377 1270 3439 correctionis
1288 3383 1371 3436 certo

221 3479 346 3541 definire
368 3481 519 3558 quianon
540 3481 710 3560 intellegit?
753 3481 874 3542 Rursus
896 3481 1014 3542 litteras
1036 3489 1089 3542 aut
1110 3480 1245 3560 syllabas
1263 3481 1370 3540 uerbo·

219 3605 287 3644 rum
310 3605 328 3644 a
349 3604 439 3644 manu
468 3585 567 3663 prima
588 3584 717 3646 omissas
743 3585 922 3664 plerumque
944 3585 1024 3646 inter
1045 3585 1129 3664 ipsos
1151 3601 1269 3658 uersus,
1303 3603 1370 3643 raro

219 3687 251 3746 in
283 3687 461 3766 paginarum
493 3687 679 3766 marginibus
710 3687 872 3767 suppleuit,
907 3689 993 3750 ouius
1022 3688 1143 3766 generis
1174 3686 1311 3767 exempla
1339 3685 1371 3746 in

220 3789 329 3867 queuis
361 3789 426 3852 fere
458 3791 569 3870 pagina
602 3789 834 3851 commentarius
868 3792 993 3852 criticus
1026 3791 1198 3872 praebebit;
1234 3789 1289 3850 sed
1322 3789 1370 3850 hic

220 3913 340 3970 quoqne
368 3913 429 3953 non
456 3893 562 3973 paucis
584 3893 659 3954 locis
683 3893 732 3954 uix
756 3899 838 3954 certo
861 3893 921 3955 dici
943 3895 1065 3974 poterit,
1099 3903 1199 3954 utrum
1222 3895 1253 3953 ΑΙ
1278 3913 1315 3952 an
1340 3895 1371 3950 d’

221 4017 269 4072 an,
299 3996 420 4073 dequo
443 3997 532 4057 etiam
555 3997 677 4077 saepius
700 3995 848 4057 dubitatio
871 3998 975 4073 oritur,
1007 3997 1033 4058 ei
1056 3999 1167 4072 manni,
1191 3991 1280 4074 duam
1302 4017 1371 4056 mox

220 4099 461 4160 commemorabo
484 4095 551 4175 (P),
586 4100 789 4161 correctiones
811 4100 991 4162 tribuendae
1013 4101 1083 4176 siut,
1107 4101 1236 4161 maxime
1258 4099 1310 4159 ubi
1332 4099 1371 4158 de

220 4203 348 4280 singulis
370 4203 480 4263 litteris
502 4202 629 4263 adiectis
652 4203 761 4281 agitur,
796 4225 831 4264 ac
853 4223 1032 4283 persuasum
1055 4203 1125 4264 mihi
1150 4209 1198 4264 est
1218 4203 1369 4262 Kochium

220 4305 250 4365 in
284 4305 328 4367 eis
362 4305 517 4386 exemplis,
550 4325 630 4382 quae
661 4305 757 4384 praef.
789 4327 879 4386 pagg.
902 4307 967 4367 XX
1000 4325 1045 4384 sq.
1075 4307 1184 4380 attulit,
1219 4305 1369 4366 interdum

220 4429 339 4470 errasse
362 4405 459 4483 (uelut
480 4409 692 4486 correctiones,
716 4431 795 4487 quae
816 4431 846 4489 p.
873 4413 921 4486 10,
946 4413 1003 4484 243
1028 4411 1079 4484 46,
1105 4411 1142 4469 15
1166 4409 1367 4485 inueniuntur,

220 4511 411 4591 apertissime
424 4515 456 4570 d³
468 4513 625 4588 debentur,
648 4533 665 4573 e
688 4513 838 4573 corbario
862 4533 925 4586 cae,
949 4533 1026 4589 quae
1048 4533 1077 4590 p.
1093 4511 1163 4588 145,
1188 4515 1222 4586 5;
1249 4515 1309 4573 159
1332 4515 1368 4586 8;

240 4726 272 4794 *J
289 4727 347 4784 Pro
365 4729 377 4794 ,’
394 4745 448 4798 ego
465 4729 496 4785 in
514 4727 721 4785 commentario
738 4731 751 4795 l
767 4745 875 4800 ponere
893 4734 1013 4786 coactus
1032 4747 1103 4785 sunu
