3286 5244
260 378 339 438 XI'V

259 565 441 643 polatiouem
463 573 620 644 expertam
642 564 816 625 adhibuisse
838 563 919 640 (nam
942 585 980 624 ex
1001 565 1067 642 ipso
1090 564 1265 642 archetypo,
1289 584 1325 622 ex
1348 583 1406 640 quo

260 667 354 728 codex
365 666 584 728 Ambrosianus
601 666 772 746 descriptus
790 675 847 743 est,
869 668 944 728 haec
961 667 1024 745 peti
1040 686 1100 726 nou
1110 667 1247 745 potuisse
1258 661 1406 745 apparet),

259 779 320 846 aut,
344 770 425 846 quod
446 770 519 829 mihi
542 770 663 846 quidem
685 770 899 830 uerisimilius
922 769 1052 844 uidetur,
1075 777 1236 846 utrumque
1258 767 1378 828 fecisse.

342 873 435 934 Manu
469 873 604 934 secunda
635 893 696 932 non
729 873 822 934 multo
856 881 954 934 aetate
987 871 1112 932 inferior
1143 893 1180 932 ea
1213 880 1260 932 est
1289 891 1405 946 manus,

258 997 348 1052 quam
376 977 530 1037 tertiam
558 972 615 1053 (Nl)
643 977 761 1036 uocaui.
816 977 902 1038 Haec
931 995 1037 1036 manus
1064 975 1095 1034 in
1122 975 1203 1035 notis
1225 977 1354 1036 maxime
1377 983 1407 1034 et

258 1079 472 1140 additamentis
501 1079 718 1156 marginalibus
749 1079 804 1140 sed
832 1081 922 1139 etiam
944 1079 975 1139 in
997 1079 1064 1157 ipso
1086 1085 1172 1138 textu
1199 1079 1242 1154 (in
1263 1079 1302 1138 iis
1324 1085 1406 1138 certe

256 1182 352 1258 libris,
393 1183 502 1259 quibus
534 1183 677 1243 maiorem
709 1202 831 1260 operam
863 1183 979 1259 tribuit,
1019 1181 1104 1242 uelut
1135 1189 1256 1260 praeter
1288 1189 1406 1240 eeteros
1473 1199 1477 1208 ·

255 1285 333 1345 libro
363 1285 401 1346 de
429 1286 580 1346 breuitate
607 1281 701 1360 uitae)
734 1305 771 1346 eo
793 1286 956 1365 praecipue
977 1286 1015 1346 ab
1038 1287 1072 1344 A*
1094 1285 1291 1363 dignoscitur,
1325 1282 1407 1361 quod

256 1387 366 1448 litteris
388 1389 563 1464 minoribus,
586 1388 784 1466 longiusculis
807 1409 842 1448 ac
864 1388 1063 1448 tenuiusoulis
1086 1408 1143 1450 usa
1164 1395 1225 1462 est;
1255 1395 1405 1447 atramen-

257 1499 321 1550 tum
342 1491 488 1569 pallidum
511 1501 568 1566 est,
591 1512 647 1552 neo
669 1493 776 1570 paucis
798 1491 873 1552 locis
896 1511 941 1566 aa,
965 1492 1095 1568 quaein
1117 1492 1253 1569 margine
1275 1491 1405 1570 scripse-

256 1601 320 1670 rat,
354 1607 450 1672 paene
484 1603 686 1671 euanusrunt3
721 1596 772 1655 uhi
800 1596 1003 1656 correctiones
1030 1595 1217 1672 singularum
1244 1603 1298 1654 aut
1323 1601 1406 1654 certe

257 1717 421 1775 paucarum
443 1699 612 1760 litterarum
634 1697 745 1758 finibus
767 1700 968 1774 continentur,
1002 1713 1104 1776 saepe,
1138 1705 1172 1756 ut
1194 1698 1266 1773 dixi,
1300 1719 1319 1756 a
1341 1717 1406 1758 cor-

255 1800 442 1862 rectionibus
463 1821 569 1862 manus
592 1799 751 1862 secundae
765 1822 835 1862 cum
851 1821 969 1862 summe
987 1799 1166 1862 difficultate
1183 1800 1404 1874 discernuntur,

257 1909 289 1962 et
316 1901 354 1962 de
381 1903 484 1964 multis
512 1905 588 1966 locis
616 1904 755 1965 dubitare
783 1905 884 1964 mein
906 1904 1118 1966 commentario
1141 1902 1309 1982 significatui
1332 1896 1405 1976 Α’(Ρ)

256 2004 305 2064 uel
328 2001 401 2082 pap)
423 2007 593 2068 scribendo.
649 2008 815 2068 Peculiaris
838 2007 986 2084 quaedam
1008 2007 1097 2066 huius
1125 2027 1231 2068 manus
1261 2027 1353 2086 opera
1374 2009 1405 2068 in

257 2131 292 2172 eo
320 2112 422 2190 posita
449 2118 506 2185 est,
540 2110 620 2186 quod
647 2119 736 2171 notes
763 2111 839 2170 uarii
864 2111 987 2188 generis
1009 2110 1186 2189 plerumque
1207 2111 1239 2170 in
1260 2112 1404 2190 margine,

256 2216 410 2276 rarissime
442 2214 521 2274 inter
547 2214 633 2292 ipsos
659 2232 768 2276 uersus
797 2212 921 2288 adiecit;
954 2215 986 2272 in
1013 2213 1061 2272 his
1089 2213 1258 2274 scribendis
1286 2235 1406 2294 semper

256 2317 322 2378 fere
351 2313 537 2396 compendiis
559 2317 664 2392 utitur,
698 2315 753 2376 sed
776 2316 990 2394 simplicissimi
1012 2317 1142 2394 generis,
1176 2324 1211 2375 ut
1233 2316 1323 2377 facile
1345 2319 1405 2378 sol-

256 2427 376 2495 uautur,
409 2420 577 2497 mirumque
610 2428 658 2478 est
678 2418 830 2479 Kochium
862 2420 893 2478 iu
924 2419 971 2479 his
1005 2418 1142 2497 legendis
1175 2419 1253 2480 tales
1287 2441 1404 2482 errores

257 2523 444 2590 committere
471 2523 617 2600 potuisse,
652 2521 757 2598 quales
784 2523 815 2581 in
837 2521 933 2601 praef.
957 2542 987 2600 p.
1010 2521 1111 2581 XXII
1132 2540 1179 2598 sq.
1212 2519 1352 2598 (maxime
1374 2525 1404 2583 iu

255 2626 336 2686 notis
366 2625 406 2684 ad
428 2625 498 2684 dial.
521 2624 578 2701 IV,
610 2625 659 2698 12,
689 2626 770 2684 3-
793 2645 824 2704 p.
848 2627 898 2700 89,
927 2626 978 2700 22,
1008 2632 1038 2684 et
1060 2624 1130 2684 dial.
1153 2623 1210 2698 VI,
1231 2627 1290 2700 10,
1323 2629 1337 2684 1
1365 2651 1403 2671 .-

256 2751 286 2808 p.
306 2730 377 2804 175,
401 2723 443 2804 t),
466 2728 519 2788 ubi
541 2727 677 2806 exempla
698 2727 843 2787 nonnulla
862 2726 973 2803 adfert,
996 2727 1154 2788 commisit.
1190 2727 1344 2800 Quaedam
1367 2749 1403 2788 ex

255 2833 303 2892 his
320 2833 401 2892 notis
419 2839 596 2909 argumenta
612 2838 729 2890 tantum
746 2849 857 2904 eorum,
881 2850 958 2907 quae
974 2831 1006 2889 in
1023 2837 1109 2890 textu
1127 2830 1278 2908 legrmtur,
1302 2833 1404 2909 singu·

256 2935 294 2995 lis
322 2945 375 2994 aut
401 2934 540 3013 pluribus
569 2923 673 2993 uerbis
699 2932 917 3013 comprehense
940 2934 1108 3008 eontinent;
1142 2933 1200 2993 hoe
1222 2953 1318 3012 genus
1340 2933 1405 2995 fere

138 3047 147 3068 '
255 3059 418 3123 numquam
440 3037 471 3096 in
493 3036 706 3097 commentario
729 3037 959 3096 commemoraui
977 3033 1046 3111 (cfr.
1059 3059 1089 3116 p.
1102 3038 1132 3112 8,
1158 3039 1211 3110 17;
1235 3057 1264 3117 p.
1279 3039 1329 3114 95,
1354 3039 1403 3112 15,

257 3142 308 3201 uhi
319 3141 456 3202 Kochius
478 3140 589 3200 iniuria
611 3160 648 3199 ex
667 3139 813 3199 eiusmodi
832 3146 904 3199 nota
916 3141 1106 3200 coniecturae
1117 3159 1190 3200 suae
1201 3139 1291 3200 iidem
1302 3141 1402 3219 petiit;

255 3264 285 3322 p.
317 3245 387 3320 191,
416 3245 446 3318 3,
481 3243 532 3303 ubi
566 3250 776 3321 argumentum
808 3261 911 3302 ueram
944 3244 1139 3322 scripturam,
1174 3231 1251 3318 quae
1278 3244 1308 3302 in
1336 3244 1404 3322 ipso

257 3354 341 3405 textu
364 3353 508 3424 corrupta
529 3353 586 3421 est,
610 3341 764 3420 seruauit).
809 3345 897 3404 Aliae
919 3343 1101 3406 scholiorum
1122 3344 1242 3405 nomine
1259 3345 1404 3424 appellari

256 3457 393 3527 possunt,
427 3449 457 3508 in
486 3449 596 3524 quihus
623 3447 751 3508 maxime
778 3447 988 3507 memorabiles
1016 3457 1087 3508 sunt
1114 3469 1177 3524 eae,
1211 3469 1289 3524 quae
1312 3450 1405 3508 uerba

257 3559 310 3611 aut
331 3550 452 3610 dicendi
474 3571 587 3630 genera
610 3551 649 3611 ad
670 3553 718 3610 ins
739 3551 909 3611 Romanum
931 3551 1114 3630 pertinentia
1136 3551 1297 3630 explicant,
1332 3572 1404 3628 qua-

256 3676 322 3715 rum
350 3674 410 3714 uon
432 3673 547 3730 paruus
569 3674 713 3715 numerus
735 3661 782 3714 est
815 3650 857 3728 (in
879 3673 939 3713 una
960 3653 1075 3728 harum,
1110 3673 1186 3730 quas
1208 3675 1238 3732 p.
1262 3655 1334 3730 283,
1365 3656 1404 3713 12

254 3758 415 3837 reperitur,
445 3758 628 3836 etymologia
649 3763 794 3832 tentatur,
817 3775 895 3832 quae
916 3776 976 3816 non
999 3755 1120 3816 aliunde
1141 3756 1213 3816 mihi
1236 3765 1308 3816 uota
1330 3753 1403 3832 est);

256 3861 332 3922 eliae
354 3862 568 3940 grammaticae
590 3869 670 3938 sunt,
692 3860 870 3940 plerumque
892 3879 1006 3936 prauae
1028 3855 1096 3934 (cfr.
1119 3879 1149 3937 p.
1165 3860 1217 3935 44,
1243 3855 1304 3935 18),
1327 3859 1404 3918 aliae
1449 3847 1453 3854 ’

255 3965 350 4036 uerba
367 3972 420 4024 aut
436 3965 556 4024 dicendi
572 3983 684 4042 genera
700 3982 760 4022 nou
777 3961 815 4022 ad
826 3963 874 4021 ius
885 3962 1067 4040 pertinentia
1078 3967 1229 4036 enarrant,
1252 3962 1404 4037 inquibus

256 4068 346 4128 etiam
357 4068 406 4128 hic
417 4066 478 4127 illic
490 4067 556 4126 miri
568 4085 686 4126 errores
697 4073 859 4126 occurrunt
870 4060 938 4138 (cir.
946 4084 976 4143 p.
986 4066 1056 4140 190,
1066 4060 1128 4140 14),
1141 4083 1209 4123 oum
1219 4064 1296 4124 aliae
1307 4064 1404 4124 bonae

257 4171 325 4230 sint.
343 4241 344 4244 Ἴ
370 4170 509 4246 Denique
530 4188 639 4245 magne
661 4167 820 4228 multitudo
843 4176 890 4227 est
912 4189 1024 4244 earum,
1048 4188 1125 4244 quae
1146 4173 1263 4226 tantum
1285 4167 1404 4245 singula

255 4274 350 4332 uerba
382 4293 399 4332 e
435 4279 520 4332 textu
553 4277 674 4350 sumpta
708 4272 739 4329 in
767 4271 901 4349 margine
930 4272 1040 4332 iterent
1067 4278 1220 4346 tamquam
1248 4270 1403 4343 lemmata,

257 4375 367 4451 quihus
396 4375 557 4453 explicatio
585 4372 795 4450 subiungenda
817 4381 892 4450 erat,
928 4373 984 4432 sed
1005 4374 1083 4433 hauc
1106 4371 1218 4432 addere
1240 4372 1404 4432 scholiasta

240 4485 309 4563 'aut
334 4497 393 4536 non
422 4476 522 4556 potuit
548 4485 601 4536 aut
627 4476 770 4554 neglexit,
805 4476 899 4536 semel
929 4496 983 4536 suo
1010 4476 1091 4550 iure,
1126 4495 1194 4535 oum
1221 4476 1347 4535 uerbum
1373 4475 1404 4534 in

255 4587 341 4638 textu
362 4579 495 4657 positum
516 4578 643 4638 ridiculo
667 4599 768 4640 errore
791 4587 889 4639 ortum
912 4587 995 4638 esset
1017 4577 1059 4658 (p
1083 4579 1112 4655 6,
1136 4572 1177 4652 ὃ).
1227 4577 1294 4637 Has
1316 4585 1404 4636 notes

256 4702 359 4744 omnes
394 4683 456 4742 suis
484 4681 559 4740 locis
586 4681 618 4740 in
646 4683 859 4742 commentario
887 4682 992 4757 attuli,
1026 4690 1060 4739 nt
1087 4679 1224 4759 exempla
1251 4679 1308 4740 hoo
1338 4681 1403 4740 loco
