3230 5258
336 407 378 448 an
401 406 542 447 animare
564 405 693 447 murena
717 407 755 445 nr
778 402 1014 461 consonarroun,
1037 405 1154 445 rv-vr.
1256 380 1320 444 383

175 570 378 652 destituunt;
414 575 448 634 at
475 569 542 653 ille,
576 570 634 655 qui
662 591 700 634 se
727 568 826 634 laetis
854 568 956 632 rebus
984 588 1054 632 non
1080 565 1222 651 inflauit,
1256 583 1320 632 nec

175 678 310 743 mutatis
344 675 523 745 contrahit.
579 677 753 744 Aduersus
786 683 966 762 utrumque
1000 681 1124 740 statum
1156 676 1320 740 inuictum

176 787 321 851 animum
343 791 440 851 tenet
463 784 658 872 exploratae
680 785 747 852 iam
769 783 952 868 firmitatis,
985 805 1064 849 nam
1092 783 1128 848 in
1149 784 1225 869 ipso
1246 782 1320 848 feli-

176 894 293 978 citate,
338 892 419 980 quid
458 901 577 959 contra
608 891 844 959 infelicitatem
876 893 1022 975 ualeret,
1067 898 1225 978 expertus
1260 899 1320 958 est.

152 1001 295 1088 sltaque
320 1023 384 1087 ego
406 1002 443 1067 in
463 1001 539 1087 illis,
570 1025 656 1088 quae
679 1023 797 1068 omnes
821 1008 951 1088 optant,
975 999 1164 1067 existimaui
1188 1017 1355 1088 sempera

175 1109 257 1175 nihil
287 1111 360 1175 ueri
387 1109 470 1176 boni
497 1109 624 1195 inesse,
659 1117 730 1176 tum
756 1111 870 1176 inania
899 1116 934 1176 et
956 1110 1112 1197 specioso
1135 1132 1173 1174 ac
1197 1109 1322 1195 decep·

176 1219 262 1284 torio
296 1217 376 1284 fuco
411 1218 600 1284 circumlita
632 1219 763 1302 inueni,
796 1218 886 1284 intra
914 1217 999 1284 nihil
1026 1217 1190 1283 habentia
1216 1216 1322 1284 fronti

176 1349 256 1392 suae
286 1325 409 1410 simile,
443 1348 533 1392 nunc
562 1327 598 1391 in
620 1324 682 1410 his,
717 1349 804 1412 quae
826 1325 915 1393 mala
937 1333 1112 1410 uocantur,
1145 1325 1229 1391 nihil
1251 1333 1322 1392 tam

176 1435 327 1501 terribile
356 1457 396 1502 ac
419 1435 540 1500 durum
561 1435 710 1519 inueni0,
744 1457 844 1520 quam
867 1435 981 1520 opinio
1003 1433 1097 1520 uolgi
1119 1434 1321 1501 minabatur.

142 1577 164 1612 ιο
177 1543 330 1610 Uerbum
363 1543 501 1629 quidem
523 1543 531 1628 ll
552 1544 662 1628 ipsum
686 1543 905 1629 persuasione
929 1544 1074 1629 quadam
1097 1549 1132 1607 et
1154 1563 1322 1608 consensu
1340 1561 1390 1614 fol.
1408 1559 1466 1614 79¹·

176 1653 242 1717 iarn
270 1651 422 1739 asperius
451 1651 493 1718 ad
522 1673 619 1718 aures
648 1651 744 1717 uenit
772 1657 807 1716 et
834 1638 1014 1717 audientis
1030 1657 1202 1736 tamquam
1225 1651 1322 1716 triste

178 1768 211 1824 et
244 1760 434 1826 execrabile
467 1758 561 1827 ferit:
595 1760 645 1826 ita
675 1759 764 1824 enim
793 1760 938 1847 populus
967 1759 1080 1842 iussit;
1114 1758 1176 1824 sed
1205 1758 1323 1845 populi

176 1869 261 1934 scita
284 1891 324 1933 ex
347 1889 470 1954 magna
492 1874 589 1954 parte
612 1868 785 1954 sapientes
809 1869 984 1954 abrogant.

260 1975 319 2042 VI.
364 1977 510 2042 Remoto
534 1998 615 2063 ergo
638 1976 764 2043 iudicio
787 1978 943 2064 plurium,
974 1997 1058 2061 quos
1080 1975 1191 2061 prima
1211 1997 1323 2043 rerum
1343 1990 1356 2041 1

141 2085 317 2171 aspasiae,
351 2090 533 2170 utcumque
556 2085 685 2150 credita
708 2092 769 2170 est,
804 2084 924 2170 aufert,
957 2085 1142 2166 uideamus,
1176 2084 1257 2169 quid
1280 2084 1324 2148 sit

177 2191 322 2258 exilium.
377 2193 507 2280 Nempe
536 2193 605 2258 loci
632 2195 859 2260 commutatio.
914 2194 966 2258 Ne
995 2197 1177 2279 angustare
1205 2191 1325 2257 uidear

177 2302 245 2366 uim
279 2301 352 2366 eius
382 2308 417 2366 et
445 2301 609 2387 quidquid
636 2303 820 2388 pessimum
846 2303 882 2368 in
910 2325 946 2368 se
974 2301 1081 2368 habet
1109 2300 1322 2386 subtrahere,

176 2408 264 2474 hanc
295 2410 593 2476 commutationem
615 2411 683 2476 loci
705 2419 894 2498 sequuntur
914 2408 1145 2476 incommoda:
1179 2431 1324 2497 pauper·

175 2525 238 2602 tas,
272 2518 468 2604 ignominia,
502 2525 726 2605 contemptus.
782 2519 955 2585 Aduersus
977 2520 1044 2584 ista
1065 2526 1187 2604 postea
1208 2517 1324 2584 confli-

140 2662 163 2696 a
176 2647 270 2712 gam;
303 2626 440 2692 interim
468 2627 612 2713 primum
641 2627 726 2692 illud
753 2627 877 2694 intueri
899 2628 989 2706 uolo,
1025 2627 1106 2712 quid
1130 2627 1244 2692 acerbi
1267 2626 1324 2694 ad-

175 2732 264 2800 ferat
285 2734 361 2821 ipsa
381 2733 448 2800 loci
470 2735 700 2801 commutatio.

267 2843 408 2910 »Carere
430 2843 541 2929 patria
563 2843 779 2909 intolerabile
802 2843 884 2909 est.¹‘
919 2843 1044 2930 Aspice
1068 2843 1214 2929 agedum
1235 2842 1360 2914 hanon

177 2951 419 3037 frequentiam,
465 2952 519 3017 oui
557 2951 614 3016 uix
654 2951 747 3017 urbis
785 2952 971 3019 immensae
1010 2958 1103 3017 tecta
1136 2949 1324 3017 sufficiunt:

176 3059 322 3124 maxima
351 3081 429 3146 pars
450 3059 549 3124 istius
571 3059 693 3126 turbae
714 3061 825 3147 patria
848 3067 949 3128 caret.
1001 3061 1053 3124 Ex
1076 3059 1268 3146 municipiis
1293 3066 1327 3124 et

138 3205 163 3242 ,ω
178 3168 319 3233 coloniis
342 3167 420 3252 suis,
453 3189 494 3232 ex
515 3175 589 3233 toto
614 3167 759 3254 denique
783 3169 866 3234 orbe
888 3179 1053 3234 terrarum
1076 3168 1325 3234 confluxerrmt:

177 3275 262 3341 alios
286 3274 426 3341 adduxit
449 3275 599 3361 ambiti0,
629 3275 713 3342 alios
737 3277 923 3342 necessitas
946 3275 1050 3342 officii
1072 3277 1210 3364 publici,
1242 3277 1326 3342 alios

177 3385 325 3470 inposita
358 3384 501 3470 legatie,
535 3385 620 3450 alios
653 3384 784 3450 luxuria
812 3393 1038 3472 opportunum
1068 3393 1103 3451 et
1130 3385 1327 3471 opulentum

178 3491 272 3556 uitiis
295 3491 407 3556 locum
430 3513 605 3578 quaerens,
629 3492 712 3558 alios
734 3493 923 3560 liberalium
943 3493 1129 3560 studiorum
1149 3494 1326 3582 cupiditas,

179 3600 264 3666 alios
294 3599 506 3686 spectacula3
540 3601 705 3687 quosdam
727 3603 830 3667 traxit
853 3601 1009 3684 amicitia,
1043 3601 1208 3687 quosdam
1229 3601 1326 3666 indu-

178 3841 196 3893 5
213 3839 380 3896 existimaui
397 3857 442 3910 up.
460 3841 506 3908 (aa
523 3838 591 3910 θὴς
619 3841 792 3898 estimauill
896 3845 913 3896 6
929 3849 991 3898 tum
1010 3843 1040 3908 Α,
1067 3844 1138 3912 quod
1156 3842 1328 3900 amasiorum

179 3934 233 3993 ert,
250 3942 314 3979 nam
331 3942 442 3995 semper,
459 3927 542 3981 etam
559 3943 618 3981 cum
636 3931 695 3996 ipae
711 3928 761 3982 aua
778 3943 835 3982 aon
851 3927 969 3994 tutaret,
984 3927 1206 3995 ptibaoptomm
1223 3927 1328 3982 ratione

179 4013 277 4065 ductae
298 4010 370 4066 nait
390 4011 421 4065 ia
444 4011 482 4066 iia
499 4013 563 4066 boni
580 4029 639 4067 essa
655 4013 833 4080 aeramnae,
860 4020 886 4068 et
903 4020 967 4080 mm,
994 4029 1055 4067 cum
1072 4013 1189 4072 baberet.
1215 4027 1327 4066 reuera

177 4099 221 4150 ito
244 4107 302 4150 ease
325 4097 447 4164 tamnit-
472 4098 519 4151 sed
539 4097 641 4162 fortior
662 4105 725 4152 anta
743 4103 806 4152 tum
823 4100 1005 4165 interpunctio
1025 4098 1142 4153 tollenda
1160 4105 1231 4165 εναις
1258 4096 1328 4167 quin

180 4187 277 4249 „aean
294 4182 371 4238 lectio
389 4181 547 4246 Pindani“‚
573 4190 603 4238 ut
622 4199 665 4252 up.
684 4184 749 4238 iada
766 4201 784 4239 a
803 4183 921 4239 Murato.
1033 4183 1200 4254 deceptorio
1217 4184 1253 4252 Α;
1280 4181 1328 4238 tla-

180 4271 302 4336 cepturo
319 4285 364 4336 up.
382 4265 454 4324 eorl)
558 4269 575 4322 9
600 4260 739 4324 minabat
758 4269 780 4334 (i
798 4285 832 4324 aa
849 4287 864 4324 e
883 4285 950 4326 corr.
969 4270 1037 4337 uid.)
1056 4270 1077 4326 l
1182 4271 1218 4336 12
1239 4267 1328 4338 popts

181 4403 201 4460 l
219 4412 250 4458 ut
268 4405 387 4473 saepius.
467 4405 499 4458 13
516 4405 662 4474 abrogant
678 4405 708 4460 in
725 4423 778 4476 my.
795 4409 910 4462 iurauit
927 4407 960 4462 A³
1039 4409 1070 4461 14
1088 4367 1107 4476 ἓ
1125 4407 1160 4474 Α;
1178 4405 1268 4474 igitur
1286 4354 1328 4474 (i)

180 4505 225 4558 aa.
244 4487 316 4546 aab
414 4493 445 4546 16
463 4490 698 4546 commutatione.
716 4499 874 4562 angustare
892 4493 921 4560 Α,
939 4508 1008 4546 corr.
1030 4492 1147 4546 Fickert.
1235 4493 1267 4545 18
1285 4509 1328 4546 se-

182 4581 291 4642 quntur
307 4575 461 4630 incomoda
479 4577 500 4633 l
591 4577 625 4630 20
643 4576 673 4631 in
690 4577 769 4632 tueri
786 4578 808 4633 Α
825 4578 937 4632 dtuiaim
953 4583 1065 4646 propter
1081 4579 1231 4631 sensuram
1248 4593 1328 4629 mem-

181 4713 292 4786 branae.
362 4715 394 4766 21
415 4712 613 4769 obmutatioh
681 4713 716 4768 23
733 4715 880 4770 sufficiunt
899 4713 945 4782 p,
964 4673 1118 4796 suffigiunt
1136 4715 1205 4772 N-l
