3230 5258
304 372 369 435 414

305 563 439 624 Senecae
467 565 550 624 locos
579 565 627 624 hio
657 565 814 644 corrigam.
871 565 949 625 Nam
971 567 1002 626 in
1025 568 1113 646 epist.
1139 569 1188 643 17,
1214 569 1249 626 11
1276 568 1343 626 sine
1365 567 1457 627 dubio

303 685 381 742 reyes
414 669 641 726 Parthorum
681 669 819 747 scripsit,
854 689 913 728 non
947 671 1086 741 Parthos,
1121 670 1203 748 quod
1236 671 1343 748 optimi
1376 679 1458 730 certe

303 767 424 828 codices
447 789 550 829 omnes
572 771 734 848 praebent;
763 791 912 848 nusquam
935 773 1014 831 enim
1036 771 1108 832 alibi
1131 771 1212 852 apud
1235 793 1303 832 eum
1325 773 1458 832 Parthus

301 891 358 949 pro
381 870 531 932 adiectiuo
553 875 684 952 ponitur.
729 875 848 934 Deinde
869 875 900 934 in
923 877 1011 953 epist.
1031 877 1082 952 50,
1105 878 1126 934 4
1147 876 1178 934 in
1201 877 1323 955 optimis
1347 876 1457 936 codici·

303 975 360 1032 bus
390 981 451 1033 est:
486 979 602 1050 otiando
634 981 674 1036 lot
694 980 814 1040 morbos.
841 984 975 1038 toutosm
996 998 1043 1038 roe
1064 980 1261 1048 namucum,
1296 980 1378 1056 quod
1401 980 1458 1040 fal·

303 1095 369 1135 sum
403 1095 472 1136 esee
506 1088 646 1156 apparet;
683 1083 875 1160 superiorum
908 1081 1088 1142 emendandi
1122 1091 1249 1142 conatus
1282 1082 1458 1162 Maduigius

303 1187 385 1238 recte
416 1179 598 1259 improbauit
625 1183 692 1261 ipse
720 1185 764 1243 sic
787 1186 940 1245 scribens:
976 1207 1002 1260 p.
1027 1191 1067 1244 tot
1089 1187 1208 1255 morbos,
1244 1191 1343 1246 mutos
1364 1189 1459 1258 febres

303 1283 341 1352 d,
376 1281 431 1341 sed
465 1303 520 1342 cur
552 1285 671 1362 species
704 1287 788 1348 iuxta
821 1308 917 1366 genus
951 1289 1142 1349 nominatur?
1176 1283 1372 1350 scribendum
1395 1299 1457 1349 cst:

303 1387 420 1457 quomdo
455 1391 496 1446 tot
527 1389 730 1448 morborum
763 1397 888 1451 tortos
921 1395 1021 1452 utros
1053 1393 1261 1452 demonum?
1293 1423 1335 1434 -
1366 1393 1460 1472 Apud

303 1487 449 1547 Senecam
470 1488 635 1549 Rhetorem
657 1511 686 1569 p.
712 1495 761 1568 12,
788 1497 800 1552 l
828 1495 899 1554 olim
920 1496 952 1554 in
974 1495 1231 1574 disputatiuncula
1253 1497 1299 1556 sic
1322 1497 1458 1556 seriben-

303 1589 374 1648 dum
403 1609 471 1650 esse
500 1591 594 1672 dixin
617 1594 693 1668 Quul
720 1598 837 1655 dicum?
864 1601 1029 1671 potissimos
1055 1599 1193 1657 Groocmc
1214 1619 1255 1658 rm
1277 1601 1458 1660 Lacedae-

302 1696 506 1753 mou-torum
535 1696 655 1755 clectos?
688 1707 718 1756 et
745 1701 835 1777 paulo
863 1701 990 1761 inferius
1012 1721 1041 1760 u.
1068 1703 1121 1759 16:
1156 1719 1260 1774 aspero
1288 1705 1459 1777 scopulo·

301 1813 380 1854 rum
403 1793 496 1872 (quod
519 1799 687 1877 Hauptium
708 1801 768 1860 iam
791 1812 880 1862 antea
902 1805 1099 1883 proposuisse
1120 1825 1168 1864 me
1190 1805 1341 1884 fugerat);
1377 1809 1458 1886 apud

303 1897 430 1958 eundem
458 1921 487 1978 p.
511 1903 584 1978 226,
608 1905 627 1960 5
650 1905 695 1963 sic
718 1907 850 1984 corrigo:
886 1909 1028 1967 Matrona
1050 1925 1123 1983 quoe
1146 1915 1210 1968 tuto
1231 1911 1459 1972 mendicorum

301 2001 593 2064 sollicitatorum
615 2007 768 2070 lasciuiam
789 2013 866 2070 uolet
890 2007 1071 2084 (sollicitatos
1095 2013 1125 2086 B,
1158 2013 1295 2073 sollicitos
1319 2017 1351 2088 Α,
1379 2015 1458 2072 solli

303 2105 432 2163 ottotorts
454 2101 523 2182 up),
558 2128 647 2184 quem
670 2110 771 2172 locum
793 2123 917 2193 propter
939 2116 1068 2176 similem
1090 2117 1310 2177 terminationis
1333 2137 1458 2196 corrup-

302 2206 393 2264 telam
426 2207 474 2267 hic
508 2229 717 2290 commemoro,
751 2217 809 2276 etsi
842 2237 960 2294 nomen,
994 2219 1075 2296 quod
1110 2229 1283 2299 corruptum
1317 2229 1375 2294 est,
1408 2220 1458 2279 hic

301 2309 409 2368 tertiae
442 2309 653 2374 declinationis
687 2327 743 2377 est.
783 2349 824 2360 —
857 2321 948 2399 Apud
983 2321 1119 2382 Ourtium
1152 2323 1203 2383 lib.
1237 2324 1300 2398 IV,
1343 2327 1377 2399 l,
1416 2325 1457 2382 27

303 2415 345 2488 lp.
370 2413 421 2487 30,
452 2415 483 2483 5)
516 2419 696 2494 optimorum
727 2421 864 2482 codicum
892 2425 1022 2502 uestigia
1050 2427 1146 2486 secuti
1169 2427 1353 2486 scribemus:
1391 2446 1458 2486 mom

303 2519 443 2587 qrmtuor
476 2519 593 2580 mitibus
630 2523 807 2584 Graecorum
846 2529 966 2600 ipsius
998 2547 1038 2586 oo
1070 2532 1149 2588 octe
1174 2536 1458 2603 persecutorum

301 2619 429 2692 suqom
460 2621 591 2694 Trmoliu
612 2629 749 2697 peruenit
780 2627 881 2704 (codd.
904 2633 999 2703 mum
1026 2649 1060 2690 aa
1087 2635 1149 2692 octo
1171 2639 1340 2706 persectrtos
1367 2635 1459 2708 tuom

302 2721 472 2782 Hedickius
494 2733 565 2803 post
587 2725 677 2787 alios:
702 2733 796 2803 ipsum
818 2751 852 2792 co
873 2736 936 2794 ocio
952 2738 1115 2808 permultis
1130 2732 1230 2814 sarak
1254 2737 1286 2796 in
1303 2738 1370 2798 loco
1388 2757 1457 2798 con-

302 2825 428 2884 iecturis
444 2827 651 2907 uexatissimo,
669 2833 720 2908 qui
736 2833 804 2894 libri
822 2835 880 2910 IX,
902 2837 929 2910 7,
950 2839 989 2896 19
1007 2835 1049 2918 (p.
1068 2841 1140 2915 218,
1163 2842 1202 2898 10
1218 2837 1279 2917 sq.)
1297 2843 1456 2919 reperitur,

302 2927 353 2984 ubi
377 2927 407 2986 in
429 2928 455 2986 P
477 2938 539 2989 est:
562 2935 662 3007 inperce
684 2938 730 2995 ure
752 2939 878 3000 militum
900 2943 976 3000 tutor
997 2959 1069 3016 ortos
1090 2947 1176 3003 mont
1191 2943 1299 3004 &occi
1314 2944 1457 3018 Dioxippo

302 3031 464 3103 studebant,
488 3035 670 3113 scripturam
686 3039 730 3098 ita
747 3051 920 3121 corruptam
937 3063 1005 3104 esse
1022 3045 1124 3123 credo,
1147 3056 1182 3106 ut
1197 3054 1283 3108 emt
1293 3059 1324 3110 et
1334 3065 1457 3122 meones·

302 3133 383 3192 inter
410 3153 444 3194 se
473 3156 492 3193 a
517 3136 639 3198 librario
668 3149 948 3222 transponerentur,
983 3148 1092 3208 deinde
1120 3167 1192 3225 quoe
1217 3160 1344 3231 propter
1371 3173 1457 3232 prae-

303 3236 484 3313 positionem
506 3240 704 3318 scriberetur;
735 3246 837 3324 itaque
860 3250 975 3310 scribo:
1006 3255 1108 3326 morsm
1128 3257 1177 3314 uis
1197 3255 1324 3316 miletum
1346 3258 1456 3316 iuter·

304 3344 411 3398 orout
444 3337 500 3414 (so.
530 3343 707 3425 oertommr‘),
741 3369 893 3424 quorum
925 3353 1033 3416 Gracci
1057 3356 1096 3415 D.
1126 3357 1287 3418 smdctout.
1318 3389 1360 3400 -
1387 3359 1456 3418 Alio

303 3441 393 3502 modo
427 3453 570 3524 corrupte
606 3457 654 3509 est
686 3453 837 3532 scriptura
863 3455 911 3516 his
939 3457 1029 3519 locis:
1064 3461 1145 3539 apud
1174 3461 1310 3522 Curtium
1337 3463 1390 3523 lib.
1418 3463 1456 3538 V,

292 3549 341 3620 ’1,
370 3547 412 3604 43
446 3543 487 3625 (p.
518 3550 572 3626 to,
602 3548 655 3626 29)
688 3555 849 3630 Apollodou
884 3561 915 3619 in
942 3559 1117 3635 Apollodoro
1149 3573 1296 3626 mutatum
1331 3575 1392 3638 est;
1426 3567 1457 3626 in

303 3647 393 3707 Plinii
421 3669 566 3730 panegyr.
589 3676 620 3733 p.
644 3658 695 3733 32,
725 3662 762 3719 21
794 3661 860 3722 cod.
884 3663 926 3722 W
949 3681 1067 3743 socroq;
1102 3688 1158 3747 pro
1180 3687 1286 3740 sacrm
1314 3673 1454 3751 praebel3

304 3751 386 3831 apud
408 3751 555 3816 Senecam
578 3757 616 3818 de
639 3760 703 3821 uita
725 3763 815 3826 beate
839 3769 866 3840 1,
890 3767 909 3824 3
932 3765 974 3846 (p.
993 3771 1065 3846 213,
1091 3767 1122 3844 7)
1144 3773 1209 3834 sine
1232 3775 1325 3835 dubio
1348 3777 1457 3851 quodm·

303 3875 358 3933 pro
392 3873 517 3934 qucum,
542 3861 622 3937 quod
650 3863 812 3928 Pincianus
840 3877 871 3929 et
903 3871 1028 3950 Lipsius
1060 3881 1144 3936 recte
1175 3879 1352 3956 reposuisse
1384 3878 1455 3940 mihi

303 3957 455 4036 uidentur,
477 3971 603 4040 propter
624 3969 807 4030 antecedens
829 3975 1027 4047 quadorum
1049 3987 1111 4053 est;
1135 3981 1216 4059 apud
1239 3981 1455 4054 Quintilianum

304 4060 363 4120 uol.
387 4061 423 4122 H
449 4083 479 4141 p.
506 4065 576 4142 158,
605 4071 626 4128 4
652 4090 707 4148 pro
734 4073 791 4140 tou
819 4081 968 4136 amcam
995 4080 1027 4138 in
1057 4081 1123 4141 cod.
1147 4082 1169 4143 S
1196 4086 1250 4144 too
1278 4089 1455 4148 oooccrbotr'o

304 4164 452 4243 scriptum
480 4175 536 4227 cst.
565 4200 606 4211 -
634 4171 673 4232 In
695 4177 866 4239 nominibus
888 4181 997 4242 tertiae
1018 4181 1229 4247 declinationis
1251 4190 1374 4269 saepius
1396 4199 1454 4250 ter·

303 4267 427 4328 minatio
454 4273 495 4330 rie
524 4273 574 4332 uel
600 4278 630 4334 rt
655 4279 704 4338 uel
731 4299 763 4340 re
789 4302 845 4360 pro
872 4302 942 4344 mou
963 4286 1064 4364 posita
1086 4296 1143 4364 est,
1176 4291 1261 4351 uelut
1282 4293 1364 4372 apud
1386 4295 1453 4356 Val.

303 4369 385 4430 Max.
408 4391 438 4450 p.
454 4375 481 4448 1,
506 4375 524 4432 9
548 4372 760 4456 (stupcrtom')
782 4392 814 4444 et
834 4406 865 4465 p.
878 4387 951 4464 306,
974 4389 993 4447 5
1017 4384 1454 4472 (murmurantium),

304 4473 384 4552 apud
408 4473 626 4548 Quintilianum
649 4485 708 4543 uol.
731 4485 749 4545 I
770 4507 800 4566 p.
814 4489 864 4564 66,
888 4491 929 4550 23
952 4488 1049 4567 (ubiB
1066 4503 1149 4554 recte
1172 4500 1332 4570 momorum
1353 4500 1454 4576 habet,

304 4576 393 4636 sedd
416 4579 581 4660 comportem
606 4587 686 4664 apud
701 4587 849 4652 Senecam
869 4593 901 4652 in
924 4614 1006 4654 oons.
1031 4595 1069 4655 ad
1080 4597 1174 4658 Marc.
1187 4601 1217 4676 2,
1241 4603 1260 4660 3
1283 4601 1324 4681 (p.
1341 4605 1410 4679 166,
1425 4603 1455 4680 7)

303 4679 335 4737 in
357 4681 478 4748 stator
497 4694 553 4764 est,
577 4688 633 4748 sed
654 4691 684 4749 in
708 4694 887 4768 quibusdam
907 4697 1107 4760 deterioribus
1126 4701 1241 4776 laborm
1265 4707 1346 4784 quod
1362 4709 1455 4788 uulgo
