3286 5244
320 359 341 422 2
557 382 583 422 n.
608 382 727 423 innam
749 383 884 424 sennenn
907 383 1107 426 nianoeoavn
1130 385 1189 426 ms.
1214 385 1234 426 1.

320 553 452 612 tantum
476 569 560 634 opus
584 553 673 612 stare
696 570 760 612 neo
783 547 873 612 huno
892 547 1040 613 siderum
1060 543 1195 614 coetiim
1213 549 1479 636 discursumque,

319 655 451 722 fortuiti
472 656 620 743 impetus
644 679 728 740 esse,
753 662 796 740 et,
820 679 908 742 quae
931 679 1029 722 casus
1051 657 1182 741 incitat,
1214 680 1317 745 saepe
1339 659 1469 724 turbari

320 771 355 830 et
389 766 456 832 aito
492 765 652 850 arietare,
685 764 773 831 hano
807 765 1009 831 inoffensam
1037 766 1254 832 uelocitatem
1281 751 1467 852 proaedere

320 880 479 939 aeternae
527 873 613 960 legis
662 874 804 961 imperio
849 880 982 939 tantum
1025 897 1138 939 rerum
1181 881 1273 940 terra
1315 877 1467 960 marique

318 988 519 1068 gestantem,
553 989 686 1048 tantum
708 983 972 1049 clarissimorum
993 983 1158 1048 luminum
1180 989 1215 1046 et
1238 1006 1279 1048 ex
1302 983 1495 1070 dispositos

317 1085 555 1174 relucentium
594 1113 664 1157 non
698 1113 772 1157 esse
805 1092 968 1157 materiae
1003 1092 1145 1176 errantis
1178 1090 1269 1156 huno
1303 1093 1467 1174 ordinem,

316 1222 390 1284 neo,
414 1222 500 1284 quae
523 1207 651 1264 temere
674 1201 836 1286 coierunt,
860 1207 957 1266 tanta
974 1208 1046 1266 arte
1064 1202 1223 1287 pendere,
1246 1207 1285 1264 ut
1303 1207 1468 1266 terrarum

317 1307 553 1394 grainssimum
592 1310 726 1395 pondus
766 1310 885 1375 sedeat
916 1310 1092 1375 immotum
1127 1315 1161 1374 et
1195 1309 1286 1375 eirea
1319 1333 1355 1374 se
1388 1333 1467 1397 pro-

271 1473 272 1476 ,
315 1417 467 1502 perantia
501 1417 587 1482 caeli
619 1417 736 1503 fugam
769 1425 917 1505 spectet,
961 1424 999 1482 ut
1037 1416 1151 1482 intima
1183 1418 1328 1484 uallibus
1361 1419 1469 1484 maria

316 1524 470 1591 molliant
498 1533 605 1592 terras
628 1551 692 1592 neo
714 1527 821 1592 ullum
841 1528 1089 1592 incrementum
1110 1523 1284 1592 fluminum
1307 1527 1467 1612 sentiant,
1483 1555 1510 1590 ιο

282 1640 355 1697 3ut
395 1657 436 1698 ex
476 1635 623 1700 minimis
662 1635 847 1700 seminibus
880 1642 1063 1701 nascantur
1096 1635 1258 1722 ingentia.
1324 1637 1376 1700 Ne
1409 1636 1469 1702 illa

316 1742 462 1828 quidem,
498 1766 585 1828 quae
618 1743 778 1809 uidentur
812 1744 954 1810 confusa
989 1751 1023 1810 et
1052 1743 1192 1828 incerta,
1225 1744 1359 1831 pluuias
1390 1746 1466 1812 dico

314 1851 491 1936 nubesque
521 1858 555 1916 et
584 1851 743 1918 elisorum
768 1853 947 1919 fulminum
976 1851 1086 1918 iaetus
1116 1861 1150 1917 et
1178 1853 1338 1918 inoendia
1358 1855 1467 1942 ruptis

314 1961 479 2026 montium
507 1961 694 2027 uerticibus
724 1963 840 2044 effusa,
874 1971 1039 2028 tremores
1067 1963 1215 2028 labantis
1239 1963 1302 2028 soli
1325 1963 1467 2048 aliaque,

315 2091 402 2153 quae
442 2069 651 2136 tumultuosa
690 2094 768 2157 pars
808 2094 919 2136 rerum
954 2073 1044 2136 oiroa
1077 2078 1184 2137 terras
1217 2078 1348 2156 mouet,
1394 2074 1509 2140 sinen

313 2161 467 2262 ratione,
495 2179 649 2262 quamuis
679 2180 792 2245 subita
821 2181 906 2265 sint,
941 2181 1114 2264 accidunt,
1150 2181 1212 2246 sed
1240 2203 1317 2246 suas
1347 2188 1383 2245 et
1408 2182 1468 2246 illa

314 2309 432 2351 causas
465 2284 603 2370 habent,
637 2309 708 2352 non
741 2288 851 2358 minus
875 2312 975 2374 quam
1004 2312 1090 2375 quae
1122 2289 1240 2354 alienis
1268 2289 1353 2354 loeis
1383 2314 1463 2357 oon-

315 2401 433 2481 speata
454 2394 617 2461 miraculo
637 2403 725 2480 sunt,
748 2403 787 2461 ut
808 2397 844 2461 in
867 2397 988 2462 mediis
1004 2397 1163 2462 fluetibus
1187 2397 1336 2462 calentes
1356 2421 1463 2484 aquae

278 2514 296 2566 4
315 2509 350 2566 et
370 2526 461 2569 noua
483 2503 668 2568 insularum
690 2505 727 2569 in
749 2512 847 2570 uasto
872 2506 1098 2571 exsilientium
1120 2507 1205 2572 mari
1228 2507 1347 2593 spatia.
1391 2508 1466 2573 Iam

315 2763 328 2815 1
357 2769 453 2833 aetum
480 2762 678 2851 discursuqu·
705 2761 734 2830 l,
762 2765 813 2829 cfr.
838 2763 923 2818 Gellii
948 2763 1025 2818 Noct
1053 2763 1110 2819 Ata
1128 2763 1208 2831 XIV,
1237 2767 1263 2830 1,
1288 2767 1320 2832 8,·
1350 2772 1489 2824 coetum¹
1546 2839 1552 2854 ι

242 2845 245 2854 ’
314 2847 525 2918 decursumque
553 2847 659 2902 Anat
684 2851 714 2903 ia
740 2847 794 2904 aa.
823 2849 897 2904 Mas.
925 2849 1065 2903 XXXVI
1087 2867 1114 2918 p.
1142 2851 1207 2910 178,
1242 2851 1290 2904 aed
1316 2851 1383 2920 ataid
1409 2859 1466 2906 tum

313 2939 414 2989 coetus
431 2934 476 2988 ln'e
492 2939 568 3003 aaut,
597 2935 648 2988 aaa
665 2935 752 2990 dicas.
855 2937 873 2990 2
892 2943 978 3007 etque
996 2935 1031 3002 A,
1050 2935 1102 2990 sed
1119 2938 1177 3002 (uel
1193 2934 1250 3002 set)
1269 2953 1343 3005 quae
1361 2937 1466 2993 Atetm

312 3022 328 3074 l.
348 3020 365 3072 l.
390 3020 462 3074 lanc
483 3019 648 3074 serenatam
671 3021 841 3076 antecedenti
863 3022 1032 3076 consanam
1054 3024 1122 3090 poni
1142 3022 1216 3088 falso
1233 3029 1325 3088 ratam
1352 3039 1418 3077 aam
1434 3026 1466 3078 ia

312 3105 370 3171 illa,
398 3111 429 3158 at
451 3111 551 3159 coetus
576 3106 702 3170 ostendit,
729 3106 762 3160 ae
781 3109 961 3174 planetarum
979 3107 1218 3177 tantumnmolitas
1237 3111 1339 3175 unitur,
1366 3109 1398 3162 ia
1414 3109 1467 3164 leae

312 3197 377 3244 uero
396 3191 429 3244 de
448 3193 532 3244 totius
550 3192 621 3244 caeli
638 3191 875 3246 circumversione.
928 3245 929 3250 ,
981 3192 1090 3262 seped
1185 3192 1345 3248 3arietare
1366 3198 1396 3248 in
1413 3211 1463 3263 my.

312 3274 450 3342 iteratll³,
469 3276 503 3330 de
520 3293 575 3345 qua
593 3294 622 3330 re
639 3277 694 3330 uid.
710 3278 803 3345 praef.
883 3279 899 3331 4
916 3275 1151 3348 *eternelllaale
1169 3297 1184 3332 e
1204 3278 1246 3332 nil
1261 3279 1318 3333 nisi
1330 3287 1465 3348 punctum

309 3377 378 3414 eras.
397 3361 467 3427 aid)
571 3363 588 3414 5
610 3367 775 3430 gestantem
797 3365 828 3416 in
847 3363 938 3430 petrae
956 3365 1090 3418 orationis
1108 3363 1224 3417 mnatre
1241 3363 1378 3432 Lipsiam
1394 3375 1466 3421 recte

308 3462 455 3502 enarrasse
472 3447 560 3513 eredo,
588 3454 619 3502 ul
635 3447 674 3501 ait
690 3448 760 3501 idem
778 3447 853 3516 quod
870 3447 953 3516 quasi
970 3447 1001 3503 in
1018 3455 1102 3503 utero
1120 3455 1286 3518 gestantem
1304 3457 1335 3504 et
1357 3457 1456 3520 partu-

308 3531 432 3587 rientem
459 3532 519 3599 (‚,ia
540 3531 626 3586 durem
645 3531 759 3588 scians
780 3533 931 3602 naanffl),
959 3534 1062 3590 scilieet
1086 3534 1152 3618 quta
1172 3537 1309 3604 planam,
1338 3539 1454 3604 quaein

306 3635 399 3672 renam
415 3624 519 3672 natura
538 3623 612 3672 terra
629 3619 752 3686 man'que
769 3619 848 3686 fiant,
875 3620 910 3674 ab
926 3619 979 3674 tac
996 3619 1138 3676 uelocitate
1162 3622 1195 3685 (i.
1214 3638 1235 3676 e.
1255 3623 1341 3677 aelon·
1361 3623 1457 3678 nsandi

306 3710 333 3758 et
354 3703 474 3758 siderum
497 3703 735 3770 circumuersione)
763 3706 896 3774 pendeat,
927 3721 1028 3773 pamm
1052 3713 1123 3761 recle
1144 3707 1177 3761 de
1197 3707 1247 3762 tec
1269 3709 1328 3763 loco
1353 3708 1458 3763 Aabert

306 3789 373 3842 vieini
390 3789 548 3856 disputasse
564 3789 681 3844 uidetur.
783 3791 800 3844 5
823 3791 1035 3861 exdispositoro
1058 3791 1219 3846 lucentium
1242 3792 1271 3860 l,
1291 3809 1359 3848 corr.
1379 3793 1456 3849 Bon·

304 3874 431 3942 narniae,
458 3874 518 3942 (ex)
542 3875 730 3946 dispositione
749 3877 909 3932 lucentium
927 3894 1007 3932 nolin.
1026 3875 1048 3934 D
1067 3885 1092 3932 et
1108 3896 1151 3945 aa.
1258 3879 1346 3934 inec
1365 3898 1457 3951 qua..

306 3961 432 4030 pendere
453 3962 512 4015 eta:
531 3961 563 4014 de
580 3963 630 4017 hoc
648 3963 704 4020 loeo
721 3963 777 4017 aid.
798 3963 901 4018 Auterl
915 3981 943 4031 p.
963 3965 1027 4031 179,-
1045 3971 1160 4018 eeteram
1178 3979 1225 4034 eqo
1242 3968 1274 4019 ia
1293 3965 1365 4019 libro
1386 3967 1460 4034 „Tre

305 4047 445 4115 Dialoger
463 4046 496 4100 af
515 4047 641 4102 Seneea“
660 4049 803 4117 inseru'plo,
823 4065 988 4117 anemonae
1007 4051 1076 4104 1873
1094 4050 1175 4118 edidi,
1200 4051 1292 4104 eodem
1309 4053 1368 4117 sere
1385 4053 1463 4107 niodo

304 4133 329 4186 Ιι.
341 4133 358 4187 l.
378 4149 586 4188 enarraneram.
674 4135 691 4187 9
709 4141 742 4188 ut
759 4133 900 4203 intueat,
919 4142 951 4189 nt
970 4153 1023 4190 nec
1044 4134 1142 4189 infusa
1160 4153 1193 4190 ea
1210 4136 1316 4191 duobus
1334 4134 1356 4193 D
1375 4154 1465 4205 nuper

305 4219 506 4272 commendauit
523 4219 548 4272 J.
568 4219 600 4273 de
624 4219 691 4274 Vliet
714 4220 821 4284 (Rmue
839 4221 872 4274 de
888 4221 983 4288 philol.
1011 4221 1053 4275 VI
1056 4222 1070 4274 l
1087 4239 1114 4290 p.
1133 4225 1185 4288 61),
1215 4223 1327 4290 quodsi
1346 4224 1384 4278 ad
1400 4239 1461 4278 eea·

305 4305 417 4358 tentiam
435 4321 531 4358 aerum
549 4311 624 4370 esset,
650 4307 742 4372 polias
763 4323 821 4359 non
840 4313 902 4360 eale
921 4305 1056 4360 molliant
1076 4307 1233 4361 addendum
1250 4315 1321 4378 eran
1340 4309 1389 4364 sed
1404 4311 1462 4365 aid.

304 4389 376 4443 Pan.
397 4391 420 4442 Ῑι.
442 4397 498 4445 nal.
518 4389 593 4460 115
612 4393 661 4444 166
767 4390 872 4456 nallib;
902 4390 924 4446 Α
950 4393 1004 4452 (sic
1020 4393 1181 4460 pleramque
1200 4397 1356 4450 levminan'o
1374 4396 1462 4450 —bus

303 4529 426 4590 notatur)
533 4529 565 4581 12
583 4527 696 4597 pluuias
713 4527 749 4584 A⁵
770 4493 849 4596 (ll-,n
865 4529 947 4596 raa),
972 4530 1088 4598 plubias
1107 4530 1162 4598 il',
1189 4491 1304 4600 pladias
1321 4531 1358 4587 Α*

305 4611 337 4665 13
354 4611 459 4682 iactnis
478 4612 499 4669 l
587 4615 618 4668 14
636 4614 726 4682 aliaq;
745 4631 801 4684 que
819 4612 853 4680 ll;
877 4621 907 4669 et
925 4614 984 4669 alia
1002 4634 1075 4686 quae
1093 4633 1137 4685 aa
1228 4619 1259 4671 15
1277 4611 1348 4672 iras
1367 4617 1463 4673 mou&

304 4697 323 4754 Α
343 4699 466 4768 (saepius
484 4694 497 4752 t
515 4700 647 4768 syllabam
667 4709 712 4756 ter
729 4700 879 4769 almificat)
970 4703 1000 4756 17
1020 4703 1090 4756 loeis
1110 4719 1196 4771 snpra
1211 4719 1323 4758 uersum
1336 4704 1392 4760 aad
1414 4703 1450 4762 l·
