3176 5248
281 351 344 416 150
514 377 541 415 n.
565 375 682 416 susas:
704 373 839 415 sauscan
860 373 1060 415 nrsnoooavn
1081 373 1142 413 nro.
1166 373 1195 413 v.

278 542 391 626 mutis,
424 541 515 606 idem
547 540 583 604 in
615 538 752 606 bomine
786 538 992 624 deprendes:
1025 537 1157 604 friuolis
1187 538 1362 604 turbamur
1392 545 1428 604 et

277 652 443 718 inanibus.
499 649 646 717 Taurum
674 649 768 715 color
795 648 1002 714 rubicundus
1032 647 1166 733 excitat,
1200 648 1243 714 ad
1272 649 1427 716 umbram

279 762 370 848 aspis
405 759 552 846 exurgit,
586 781 683 825 ursos
716 758 900 842 leonesque
933 781 1057 846 mappa
1089 759 1249 845 proritat:
1286 758 1426 844 omnia,

279 893 366 957 quae
394 875 515 936 natura
542 865 615 933 fera
644 891 683 934 ac
711 867 830 933 rabida
858 875 946 952 sunt,
980 872 1244 933 consternantur
1264 865 1306 933 ad
1328 889 1426 934 uana.

244 990 262 1042 2
279 979 376 1045 Idem
397 978 557 1064 inquietis
581 983 616 1043 et
638 977 769 1042 stolidis
789 976 933 1062 ingeniis
953 976 1082 1042 euenit:
1104 998 1217 1042 rerum
1235 977 1454 1063 suspiciones

277 1087 454 1170 feriuntur,
476 1086 563 1152 adeo
582 1085 728 1171 quidem,
751 1092 790 1151 ut
805 1085 978 1151 interdum
994 1084 1133 1151 iniurias
1150 1091 1276 1151 uocent
1293 1085 1428 1152 modica

277 1195 455 1282 beneficia,
484 1195 521 1260 in
544 1195 665 1280 quibus
687 1192 974 1280 frequentissima,
1006 1201 1099 1258 certe
1121 1194 1340 1260 acerbissima
1360 1194 1425 1260 ira·

279 1305 422 1371 cundiae
456 1303 599 1369 materia
633 1287 694 1368 est.
758 1303 958 1369 Oarissumis
993 1303 1082 1368 enirn
1114 1302 1300 1388 irascimur,
1334 1302 1427 1388 quod

277 1415 410 1480 minora
430 1412 530 1478 nobis
553 1411 795 1498 praestiterint,
819 1434 920 1497 quam
941 1418 1055 1477 mente
1073 1412 1291 1498 concepimus
1308 1433 1424 1498 quam-

279 1545 345 1609 que
368 1521 424 1587 alii
446 1519 605 1605 tulerant,
628 1542 705 1585 cum
726 1521 901 1606 utriusque
923 1519 974 1586 rei
995 1527 1150 1607 paratum
1167 1520 1354 1586 remedium
1370 1521 1423 1587 sit.
1437 1545 1461 1582 lo

244 1631 390 1717 3Magis
414 1629 512 1695 alteri
533 1629 688 1694 indulsit:
718 1635 836 1694 nostra
852 1651 920 1710 ‚nos
943 1629 1015 1694 sine
1038 1628 1291 1716 comparatione
1314 1627 1425 1694 delec-

165 1735 167 1740 ’
277 1745 368 1824 tent3
402 1760 586 1823 numquam
609 1738 673 1803 erit
694 1735 787 1822 felix,
810 1759 910 1823 quem
931 1737 1105 1824 torquebit
1126 1736 1267 1804 felicior.
1311 1737 1424 1802 Minus

278 1847 400 1933 habac,
440 1863 541 1932 quarn
574 1847 723 1933 speraui:
763 1846 824 1910 sed
856 1844 1001 1912 fortasse
1034 1847 1110 1933 plus
1144 1846 1287 1934 speraui,
1327 1867 1426 1932 quam

244 1956 392 2022 4debui.
446 1956 544 2021 Haec
571 1977 650 2041 pars
678 1954 822 2020 maxime
850 1955 1034 2021 metuenda
1057 1963 1123 2041 est;
1156 1955 1237 2020 hino
1258 1954 1424 2041 pernicio·

278 2064 429 2131 sissimac
457 2065 527 2130 irae
555 2070 741 2130 nascuntur
769 2069 803 2128 et
827 2064 1040 2129 sanctissima
1062 2087 1216 2150 quaeque
1237 2063 1461 2129 inuasurae.1s

155 2181 159 2197 ¹
277 2174 405 2240 Diuum
426 2172 548 2238 Iulium
571 2172 684 2258 plures
707 2171 807 2237 amici
825 2164 1047 2238 confecerunt
1064 2195 1165 2258 quam
1181 2172 1318 2258 inimici,
1343 2194 1424 2259 quo-

277 2305 352 2348 rum
373 2303 444 2348 non
466 2280 664 2368 expleuerat
686 2303 764 2367 spes
786 2281 1018 2368 inexplebiles.
1062 2280 1182 2348 Uoluit
1198 2281 1342 2367 ,quidem
1360 2281 1424 2365 ille,

277 2413 388 2476 neque
423 2390 512 2455 enim
534 2390 712 2475 quisquam
733 2388 907 2455 liberalius
930 2389 1074 2456 uictoria
1095 2413 1176 2456 usus
1200 2396 1261 2476 est,
1296 2413 1338 2455 ex
1360 2386 1439 2476 qua'
1527 2437 1534 2450 .

277 2498 360 2565 nihil
381 2499 447 2564 sibi
462 2497 651 2563 uindicauit
666 2497 730 2563 nisi
749 2498 970 2586 dispensandi
986 2504 1207 2585 potestatem,
1232 2497 1293 2564 sed
1310 2519 1425 2583 quem·

278 2607 460 2674 admodum
494 2605 650 2672 sufficere
683 2613 754 2672 tam
786 2606 949 2694 improbis
983 2606 1160 2673 desideriis
1187 2613 1315 2693 posset,
1350 2628 1425 2672 cum
1438 2631 1461 2668 a

278 2723 411 2783 tantum
450 2737 567 2781 omnes
607 2716 903 2802 concupiscerent,
947 2722 1112 2802 quantum
1150 2737 1236 2781 unus
1269 2716 1425 2802 poterat?

243 2831 260 2886 5
278 2825 376 2894 Uidit
396 2825 512 2910 itaque
536 2823 663 2890 strictis
687 2823 776 2889 circa
793 2823 911 2889 sellam
929 2847 1024 2890 suam
1041 2823 1162 2910 gladiis
1181 2823 1426 2890 commilitones

279 2957 367 3020 suos,
408 2933 580 3000 Cimbrum
616 2933 758 3016 Tillium,
801 2933 1000 2998 acerrimum
1032 2932 1133 3020 paulo
1167 2939 1247 3000 ante
1279 2932 1426 3019 partium

279 3043 502 3126 defensorem,
537 3042 689 3127 aliosque
710 3047 790 3127 post
810 3041 1012 3128 Pompeium
1033 3042 1169 3108 demum
1189 3041 1424 3128 Pompeianos.

278 3153 375 3219 Haec
407 3174 462 3217 res
498 3172 559 3216 sua
591 3150 628 3215 in
660 3172 758 3236 reges
787 3172 881 3216 arma
908 3151 1078 3216 conuertit
1106 3133 1356 3236 fidissimosque
1386 3171 1424 3216 eo
1438 3175 1461 3212 a

280 3259 441 3346 conpulit,
474 3265 512 3324 ut
545 3258 588 3324 ds
621 3264 730 3324 morte
764 3280 881 3324 eorum
914 3259 1115 3345 cogitarent,
1147 3281 1209 3346 pro
1239 3259 1363 3344 quibus
1392 3265 1426 3324 et

279 3375 358 3434 ante
381 3389 466 3454 quos
488 3368 575 3434 mori
595 3373 715 3433 uotum
736 3365 935 3433 habuerant.

246 3484 261 3538 1
363 3475 500 3542 XXXI.
545 3475 638 3541 Nulli
660 3459 704 3542 ad
727 3475 838 3542 aliena
858 3475 1056 3563 respicienti
1078 3498 1139 3542 sua
1161 3476 1314 3563 placent:
1343 3475 1424 3542 inde

280 3585 331 3651 dis
360 3607 495 3671 quoque
522 3585 710 3670 irascimur,
746 3583 836 3671 quod
864 3583 983 3670 aliquis
1011 3605 1073 3650 nos
1102 3585 1293 3671 antecedat,
1328 3585 1424 3651 obliti

279 3761 294 3812 1
307 3757 460 3812 turbamur
473 3755 508 3824 Ας
521 3756 658 3810 turbatur
671 3755 740 3810 cosi.
754 3755 791 3812 H.
803 3755 956 3824 Stephanus
964 3755 1101 3826 Proodop.
1116 3757 1159 3825 II,
1169 3774 1200 3825 p.
1210 3759 1259 3813 181
1273 3757 1326 3824 (ed.
1336 3759 1424 3813 Pons.

278 3843 359 3910 1586)
428 3843 446 3896 8
464 3841 632 3896 carissumis
650 3839 697 3908 Αἵ,
720 3841 767 3895 sed
784 3859 804 3896 u
820 3843 851 3895 a'o
868 3840 879 3894 i
896 3841 956 3895 rad.
976 3857 1044 3896 corr·
1113 3843 1130 3896 9
1148 3859 1186 3911 sq.
1205 3842 1424 3912 concepimus..

278 3931 410 3984 tulerunt
434 3928 564 3996 Modum:
592 3925 944 3996 concepimus‚.tulerint
965 3926 1000 3994 t;
1028 3927 1213 3996 concepimus
1224 3928 1380 3984 ..tulerint
1398 3925 1424 3994 L,

277 4017 341 4080 lbrt
351 4013 459 4068 rectius.
505 4014 536 4066 11
549 4011 635 4067 altori
644 4011 680 4068 Αἱ
692 4013 792 4079 (leon.
801 4013 873 4080 aad)
919 4013 951 4066 14
960 4011 1204 4082 perniciosissime
1218 4013 1261 4086 irq
1275 4014 1383 4082 (siclld

280 4101 312 4153 lt
338 4097 541 4155 sanctissimas
572 4099 654 4166 (eros.
677 4099 718 4167 m)
741 4097 763 4154 Α
867 4099 899 4152 16
925 4097 964 4152 ad
985 4097 1062 4154 Iuliu
1084 4101 1115 4154 ia
1136 4116 1190 4169 ma.
1214 4113 1370 4155 mearco:
1397 4100 1424 4154 ,1.

279 4186 385 4241 (tesard
487 4186 586 4255 plures
613 4183 699 4239 amici
726 4183 915 4239 confecerunt
942 4201 1029 4253 quam
1055 4183 1088 4240 Α]
1121 4185 1159 4252 (et
1180 4183 1208 4252 L,
1234 4193 1265 4240 ut
1289 4189 1360 4254 aab
1387 4184 1423 4241 A⁸

278 4271 363 4326 amici
386 4287 436 4326 suo
460 4271 517 4326 loco
540 4272 614 4325 linea
637 4277 798 4324 transuersa
819 4271 976 4338 perforarat
996 4270 1121 4338 ideoque
1142 4273 1255 4326 uerbum
1273 4278 1337 4340 post
1358 4290 1425 4326 con-

278 4357 412 4412 fecerunt
438 4373 522 4424 supro
550 4371 659 4410 sarsum
684 4354 842 4423 adscripsit,
869 4371 950 4423 qaam
975 4357 1168 4412 tornationem
1191 4356 1269 4412 Koct
1294 4358 1426 4412 immoto

277 4444 384 4512 recepit,
411 4443 444 4498 de
462 4441 484 4498 t
500 4441 639 4510 sciptura
655 4441 734 4507 salsa
750 4440 879 4506 reserens.
985 4442 1017 4496 19
1035 4441 1229 4512 despensandi
1246 4441 1276 4509 Δ,
1295 4459 1362 4498 corr.
1381 4459 1426 4512 ua.

379 4529 413 4582 20
439 4527 549 4598 imptis
572 4532 638 4586 loon
655 4525 694 4579 im
712 4523 839 4594 pbis)d
940 4527 974 4581 21
1001 4533 1130 4596 quantit*
1155 4526 1278 4595 dieras.
1297 4527 1323 4595 s)

277 4611 313 4668 23
330 4611 449 4668 Tillium
466 4613 608 4678 Moratum
634 4608 720 4681 nillju
737 4611 771 4679 Δ;
799 4611 897 4667 ruffin
915 4609 935 4669 L
1047 4613 1080 4668 a?
1099 4612 1264 4669 habuerant
1280 4614 1302 4670 Α
1319 4619 1352 4668 st
1368 4630 1425 4682 uu:

278 4697 444 4754 habuerunt
460 4697 545 4764 Kodr,
565 4699 625 4753 sinc
641 4698 723 4753 datio
741 4698 894 4766 epponem
911 4714 1009 4753 errore·
1113 4699 1148 4753 28
1165 4698 1301 4764 indeldiis
1319 4698 1341 4755 Α
